day;timestamp;product;bid_price_1;bid_volume_1;bid_price_2;bid_volume_2;bid_price_3;bid_volume_3;ask_price_1;ask_volume_1;ask_price_2;ask_volume_2;ask_price_3;ask_volume_3;mid_price;profit_and_loss
0;0;GOLD;9998;1;9995;30;;;10005;30;;;;;10001.5;0.0
0;0;SILVER;2028;30;;;;;2032;30;;;;;2030.0;0.0
0;0;BRONZE;1968;30;;;;;1971;30;;;;;1969.5;0.0
0;100;BRONZE;1969;4;1967;31;;;1971;31;;;;;1970.0;0.0
0;100;SILVER;2030;4;2028;31;;;2032;31;;;;;2031.0;0.0
0;100;GOLD;9996;1;9995;30;;;10002;6;10004;1;10005;30;9999.0;0.0
0;200;BRONZE;1966;1;1965;21;;;1969;22;;;;;1967.5;0.0
0;200;GOLD;9996;1;9995;21;;;10004;1;10005;21;;;10000.0;0.0
0;200;SILVER;2029;1;2028;21;;;2032;22;;;;;2030.5;0.0
0;300;BRONZE;1965;25;;;;;1968;25;;;;;1966.5;0.0
0;300;SILVER;2029;25;;;;;2032;25;;;;;2030.5;0.0
0;300;GOLD;9996;2;9995;23;;;9998;3;10004;2;10005;23;9997.0;0.0
0;400;GOLD;9998;5;9996;2;9995;23;10004;2;10005;23;;;10001.0;0.0
0;400;SILVER;2029;2;2028;23;;;2030;6;2032;25;;;2029.5;0.0
0;400;BRONZE;1966;25;;;;;1968;6;1969;25;;;1967.0;0.0
0;500;BRONZE;1966;24;;;;;1970;24;;;;;1968.0;0.0
0;500;SILVER;2028;24;;;;;2031;24;;;;;2029.5;0.0
0;500;GOLD;10002;1;9996;2;9995;22;10004;2;10005;22;;;10003.0;0.0
0;600;BRONZE;1965;26;;;;;1968;26;;;;;1966.5;0.0
0;600;GOLD;9996;2;9995;24;;;10002;9;10004;2;10005;24;9999.0;0.0
0;600;SILVER;2028;26;;;;;2031;26;;;;;2029.5;0.0
0;700;BRONZE;1967;32;;;;;1970;27;;;;;1968.5;0.0
0;700;SILVER;2029;5;2028;27;;;2032;27;;;;;2030.5;0.0
0;700;GOLD;9998;7;9995;27;;;10005;27;;;;;10001.5;0.0
0;800;GOLD;9995;26;;;;;10005;26;;;;;10000.0;0.0
0;800;SILVER;2028;26;;;;;2032;26;;;;;2030.0;0.0
0;800;BRONZE;1967;26;;;;;1970;26;;;;;1968.5;0.0
0;900;BRONZE;1966;29;;;;;1970;29;;;;;1968.0;0.0
0;900;SILVER;2029;29;;;;;2032;29;;;;;2030.5;0.0
0;900;GOLD;9996;2;9995;27;;;10004;2;10005;27;;;10000.0;0.0
0;1000;BRONZE;1967;28;;;;;1970;28;;;;;1968.5;0.0
0;1000;GOLD;9996;2;9995;26;;;10004;2;10005;26;;;10000.0;0.0
0;1000;SILVER;2029;28;;;;;2032;28;;;;;2030.5;0.0
0;1100;BRONZE;1968;31;;;;;1971;25;;;;;1969.5;0.0
0;1100;SILVER;2029;31;;;;;2032;25;;;;;2030.5;0.0
0;1100;GOLD;9996;2;9995;23;;;10004;2;10005;23;;;10000.0;0.0
0;1200;GOLD;9998;9;9996;2;9995;28;10004;2;10005;28;;;10001.0;0.0
0;1200;SILVER;2030;8;2029;30;;;2033;30;;;;;2031.5;0.0
0;1200;BRONZE;1968;38;;;;;1971;30;;;;;1969.5;0.0
0;1300;BRONZE;1968;23;;;;;1971;28;;;;;1969.5;0.0
0;1300;SILVER;2029;28;;;;;2030;5;2033;28;;;2029.5;0.0
0;1300;GOLD;9996;1;9995;27;;;10004;1;10005;27;;;10000.0;0.0
0;1400;BRONZE;1969;1;1968;24;;;1972;26;;;;;1970.5;0.0
0;1400;GOLD;9996;2;9995;24;;;10004;2;10005;24;;;10000.0;0.0
0;1400;SILVER;2029;25;;;;;2033;26;;;;;2031.0;0.0
0;1500;BRONZE;1971;1;1969;22;;;1972;22;;;;;1971.5;0.0
0;1500;SILVER;2032;1;2029;22;;;2033;22;;;;;2032.5;0.0
0;1500;GOLD;10002;1;9996;2;9995;20;10004;2;10005;20;;;10003.0;0.0
0;1600;GOLD;9996;1;9995;22;;;10004;1;10005;22;;;10000.0;0.0
0;1600;SILVER;2029;23;;;;;2033;23;;;;;2031.0;0.0
0;1600;BRONZE;1970;23;;;;;1974;23;;;;;1972.0;0.0
0;1700;BRONZE;1970;27;;;;;1972;8;1973;27;;;1971.0;0.0
0;1700;SILVER;2029;27;;;;;2031;8;2033;27;;;2030.0;0.0
0;1700;GOLD;9995;27;;;;;10005;27;;;;;10000.0;0.0
0;1800;BRONZE;1971;35;;;;;1974;27;;;;;1972.5;0.0
0;1800;GOLD;9996;2;9995;25;;;10004;2;10005;25;;;10000.0;0.0
0;1800;SILVER;2030;8;2029;27;;;2033;27;;;;;2031.5;0.0
0;1900;BRONZE;1969;31;;;;;1972;31;;;;;1970.5;0.0
0;1900;SILVER;2030;31;;;;;2033;31;;;;;2031.5;0.0
0;1900;GOLD;9996;2;9995;29;;;10004;2;10005;29;;;10000.0;0.0
0;2000;GOLD;9996;1;9995;25;;;10002;7;10004;1;10005;25;9999.0;0.0
0;2000;SILVER;2030;19;;;;;2033;26;;;;;2031.5;0.0
0;2000;BRONZE;1972;19;;;;;1975;26;;;;;1973.5;0.0
0;2100;SILVER;2030;23;;;;;2034;23;;;;;2032.0;0.0
0;2100;BRONZE;1971;23;;;;;1974;23;;;;;1972.5;0.0
0;2100;GOLD;9995;23;;;;;10005;23;;;;;10000.0;0.0
0;2200;SILVER;2030;32;;;;;2034;32;;;;;2032.0;0.0
0;2200;BRONZE;1972;2;1971;30;;;1975;32;;;;;1973.5;0.0
0;2200;GOLD;9996;2;9995;30;;;10004;2;10005;30;;;10000.0;0.0
0;2300;BRONZE;1971;24;;;;;1975;24;;;;;1973.0;0.0
0;2300;GOLD;9996;2;9995;22;;;10004;2;10005;22;;;10000.0;0.0
0;2300;SILVER;2030;24;;;;;2033;24;;;;;2031.5;0.0
0;2400;GOLD;9998;4;9996;2;9995;23;10004;2;10005;23;;;10001.0;0.0
0;2400;SILVER;2032;10;2030;25;;;2033;25;;;;;2032.5;0.0
0;2400;BRONZE;1975;10;1973;25;;;1976;25;;;;;1975.5;0.0
0;2500;SILVER;2030;21;;;;;2033;1;2034;20;;;2031.5;0.0
0;2500;BRONZE;1973;1;1972;20;;;1976;21;;;;;1974.5;0.0
0;2500;GOLD;9996;1;9995;20;;;10004;1;10005;20;;;10000.0;0.0
0;2600;SILVER;2030;25;;;;;2034;25;;;;;2032.0;0.0
0;2600;BRONZE;1972;25;;;;;1976;25;;;;;1974.0;0.0
0;2600;GOLD;9995;25;;;;;10005;25;;;;;10000.0;0.0
0;2700;BRONZE;1972;25;;;;;1974;3;1975;25;;;1973.0;0.0
0;2700;GOLD;9998;4;9996;1;9995;24;10004;1;10005;24;;;10001.0;0.0
0;2700;SILVER;2030;25;;;;;2032;3;2033;1;2034;24;2031.0;0.0
0;2800;GOLD;9998;5;9995;29;;;10005;29;;;;;10001.5;0.0
0;2800;SILVER;2033;1;2030;29;;;2034;29;;;;;2033.5;0.0
0;2800;BRONZE;1973;1;1971;29;;;1975;29;;;;;1974.0;0.0
0;2900;SILVER;2030;25;;;;;2034;25;;;;;2032.0;0.0
0;2900;BRONZE;1972;2;1971;23;;;1975;25;;;;;1973.5;0.0
0;2900;GOLD;10002;10;9996;2;9995;23;10004;2;10005;23;;;10003.0;0.0
0;3000;SILVER;2030;31;;;;;2034;31;;;;;2032.0;0.0
0;3000;BRONZE;1972;31;;;;;1975;31;;;;;1973.5;0.0
0;3000;GOLD;9996;2;9995;29;;;10004;2;10005;29;;;10000.0;0.0
0;3100;BRONZE;1971;28;;;;;1972;1;1975;28;;;1971.5;0.0
0;3100;GOLD;9996;2;9995;26;;;10004;2;10005;26;;;10000.0;0.0
0;3100;SILVER;2031;27;;;;;2034;28;;;;;2032.5;0.0
0;3200;GOLD;9996;2;9995;30;;;10002;6;10004;2;10005;30;9999.0;0.0
0;3200;SILVER;2031;2;2030;30;;;2034;32;;;;;2032.5;0.0
0;3200;BRONZE;1971;32;;;;;1975;32;;;;;1973.0;0.0
0;3300;SILVER;2031;28;;;;;2034;28;;;;;2032.5;0.0
0;3300;BRONZE;1971;28;;;;;1975;28;;;;;1973.0;0.0
0;3300;GOLD;9996;2;9995;26;;;10004;2;10005;26;;;10000.0;0.0
0;3400;SILVER;2030;29;;;;;2034;29;;;;;2032.0;0.0
0;3400;BRONZE;1971;29;;;;;1974;29;;;;;1972.5;0.0
0;3400;GOLD;9996;2;9995;27;;;10004;2;10005;27;;;10000.0;0.0
0;3500;BRONZE;1971;30;;;;;1974;2;1975;28;;;1972.5;0.0
0;3500;GOLD;9996;2;9995;28;;;10002;9;10004;2;10005;28;9999.0;0.0
0;3500;SILVER;2031;30;;;;;2034;30;;;;;2032.5;0.0
0;3600;GOLD;9995;21;;;;;9998;1;10005;21;;;9996.5;0.0
0;3600;SILVER;2031;23;;;;;2034;21;;;;;2032.5;0.0
0;3600;BRONZE;1971;23;;;;;1974;21;;;;;1972.5;0.0
0;3700;SILVER;2031;2;2030;29;;;2032;4;2034;31;;;2031.5;0.0
0;3700;GOLD;9996;2;9995;29;;;10000;5;10002;7;10004;2;9998.0;0.0
0;3700;BRONZE;1971;31;;;;;1972;4;1974;31;;;1971.5;0.0
0;3800;SILVER;2030;30;;;;;2032;2;2033;30;;;2031.0;0.0
0;3800;BRONZE;1971;30;;;;;1973;2;1974;30;;;1972.0;0.0
0;3800;GOLD;10002;1;9996;1;9995;29;10004;1;10005;29;;;10003.0;0.0
0;3900;GOLD;9998;1;9995;25;;;10005;25;;;;;10001.5;0.0
0;3900;BRONZE;1970;25;;;;;1973;25;;;;;1971.5;0.0
0;3900;SILVER;2030;25;;;;;2033;25;;;;;2031.5;0.0
0;4000;GOLD;10002;9;9996;2;9995;27;10004;2;10005;27;;;10003.0;0.0
0;4000;SILVER;2030;34;;;;;2033;29;;;;;2031.5;0.0
0;4000;BRONZE;1970;34;;;;;1973;29;;;;;1971.5;0.0
0;4100;SILVER;2030;31;;;;;2033;24;;;;;2031.5;0.0
0;4100;GOLD;9996;1;9995;23;;;10004;1;10005;23;;;10000.0;0.0
0;4100;BRONZE;1973;8;1972;23;;;1976;24;;;;;1974.5;0.0
0;4200;BRONZE;1971;31;;;;;1974;28;;;;;1972.5;0.0
0;4200;SILVER;2030;31;;;;;2033;28;;;;;2031.5;0.0
0;4200;GOLD;9996;2;9995;26;;;10004;2;10005;26;;;10000.0;0.0
0;4300;GOLD;9996;2;9995;29;;;10004;2;10005;29;;;10000.0;0.0
0;4300;BRONZE;1970;31;;;;;1973;31;;;;;1971.5;0.0
0;4300;SILVER;2030;31;;;;;2033;31;;;;;2031.5;0.0
0;4400;GOLD;9996;1;9995;26;;;9998;1;10004;1;10005;26;9997.0;0.0
0;4400;BRONZE;1971;7;1970;27;;;1974;27;;;;;1972.5;0.0
0;4400;SILVER;2030;34;;;;;2033;27;;;;;2031.5;0.0
0;4500;SILVER;2030;5;2029;27;;;2033;27;;;;;2031.5;0.0
0;4500;GOLD;9995;27;;;;;10005;27;;;;;10000.0;0.0
0;4500;BRONZE;1972;5;1971;27;;;1975;27;;;;;1973.5;0.0
0;4600;BRONZE;1970;22;;;;;1973;1;1974;21;;;1971.5;0.0
0;4600;SILVER;2029;22;;;;;2032;1;2033;21;;;2030.5;0.0
0;4600;GOLD;9996;1;9995;21;;;10004;1;10005;21;;;10000.0;0.0
0;4700;GOLD;9998;4;9996;1;9995;26;10004;1;10005;26;;;10001.0;0.0
0;4700;BRONZE;1970;27;;;;;1972;1;1974;27;;;1971.0;0.0
0;4700;SILVER;2029;27;;;;;2031;1;2032;27;;;2030.0;0.0
0;4800;GOLD;10002;3;9996;1;9995;24;10004;1;10005;24;;;10003.0;0.0
0;4800;BRONZE;1971;25;;;;;1973;3;1974;25;;;1972.0;0.0
0;4800;SILVER;2029;25;;;;;2031;3;2032;25;;;2030.0;0.0
0;4900;SILVER;2029;22;;;;;2032;22;;;;;2030.5;0.0
0;4900;GOLD;9995;22;;;;;9998;4;10005;22;;;9996.5;0.0
0;4900;BRONZE;1972;22;;;;;1975;22;;;;;1973.5;0.0
0;5000;BRONZE;1972;1;1971;22;;;1973;1;1975;23;;;1972.5;0.0
0;5000;SILVER;2029;1;2028;22;;;2030;1;2032;23;;;2029.5;0.0
0;5000;GOLD;9998;3;9996;1;9995;22;10004;1;10005;22;;;10001.0;0.0
0;5100;GOLD;10002;1;9998;9;9995;25;10005;25;;;;;10003.5;0.0
0;5100;BRONZE;1973;1;1971;25;;;1974;25;;;;;1973.5;0.0
0;5100;SILVER;2031;1;2028;25;;;2032;25;;;;;2031.5;0.0
0;5200;GOLD;9996;2;9995;22;;;10004;2;10005;22;;;10000.0;0.0
0;5200;BRONZE;1971;24;;;;;1975;24;;;;;1973.0;0.0
0;5200;SILVER;2029;2;2028;22;;;2032;24;;;;;2030.5;0.0
0;5300;SILVER;2029;25;;;;;2032;25;;;;;2030.5;0.0
0;5300;GOLD;9995;25;;;;;10005;25;;;;;10000.0;0.0
0;5300;BRONZE;1971;25;;;;;1974;25;;;;;1972.5;0.0
0;5400;BRONZE;1972;27;;;;;1973;6;1975;27;;;1972.5;0.0
0;5400;SILVER;2029;27;;;;;2030;6;2032;27;;;2029.5;0.0
0;5400;GOLD;9995;27;;;;;10000;6;10002;8;10005;27;9997.5;0.0
0;5500;GOLD;9996;1;9995;29;;;10004;1;10005;29;;;10000.0;0.0
0;5500;BRONZE;1972;36;;;;;1975;30;;;;;1973.5;0.0
0;5500;SILVER;2029;36;;;;;2032;30;;;;;2030.5;0.0
0;5600;GOLD;10002;1;9998;8;9996;1;10004;1;10005;26;;;10003.0;0.0
0;5600;BRONZE;1974;2;1973;27;;;1976;27;;;;;1975.0;0.0
0;5600;SILVER;2031;2;2029;27;;;2032;1;2033;26;;;2031.5;0.0
0;5700;SILVER;2029;25;;;;;2031;5;2033;25;;;2030.0;0.0
0;5700;GOLD;9998;4;9996;2;9995;23;10004;2;10005;23;;;10001.0;0.0
0;5700;BRONZE;1972;25;;;;;1974;5;1976;25;;;1973.0;0.0
0;5800;BRONZE;1974;1;1972;24;;;1975;24;;;;;1974.5;0.0
0;5800;SILVER;2031;1;2029;24;;;2033;24;;;;;2032.0;0.0
0;5800;GOLD;10002;1;9998;10;9995;24;10005;24;;;;;10003.5;0.0
0;5900;GOLD;10000;5;9996;1;9995;20;10004;1;10005;20;;;10002.0;0.0
0;5900;BRONZE;1973;5;1972;25;;;1975;21;;;;;1974.0;0.0
0;5900;SILVER;2030;9;2029;21;;;2033;21;;;;;2031.5;0.0
0;6000;GOLD;9996;2;9995;22;;;9998;4;10004;2;10005;22;9997.0;0.0
0;6000;BRONZE;1972;24;;;;;1976;24;;;;;1974.0;0.0
0;6000;SILVER;2029;24;;;;;2032;2;2033;22;;;2030.5;0.0
0;6100;SILVER;2029;25;;;;;2030;5;2033;25;;;2029.5;0.0
0;6100;GOLD;9996;1;9995;24;;;10000;5;10002;2;10004;1;9998.0;0.0
0;6100;BRONZE;1971;25;;;;;1972;5;1975;25;;;1971.5;0.0
0;6200;BRONZE;1973;30;;;;;1976;30;;;;;1974.5;0.0
0;6200;SILVER;2029;30;;;;;2033;30;;;;;2031.0;0.0
0;6200;GOLD;9996;1;9995;29;;;10004;1;10005;29;;;10000.0;0.0
0;6300;GOLD;9995;25;;;;;10005;25;;;;;10000.0;0.0
0;6300;BRONZE;1973;24;;;;;1976;25;;;;;1974.5;0.0
0;6300;SILVER;2029;24;;;;;2033;25;;;;;2031.0;0.0
0;6400;GOLD;10000;4;9995;23;;;10005;23;;;;;10002.5;0.0
0;6400;BRONZE;1975;4;1973;23;;;1977;23;;;;;1976.0;0.0
0;6400;SILVER;2030;4;2029;23;;;2032;23;;;;;2031.0;0.0
0;6500;SILVER;2031;3;2029;20;;;2032;20;;;;;2031.5;0.0
0;6500;GOLD;9995;20;;;;;10005;20;;;;;10000.0;0.0
0;6500;BRONZE;1974;3;1972;20;;;1975;20;;;;;1974.5;0.0
0;6600;BRONZE;1974;27;;;;;1977;27;;;;;1975.5;0.0
0;6600;SILVER;2029;27;;;;;2032;27;;;;;2030.5;0.0
0;6600;GOLD;9996;1;9995;26;;;10004;1;10005;26;;;10000.0;0.0
0;6700;GOLD;10002;4;9996;2;9995;26;10004;2;10005;26;;;10003.0;0.0
0;6700;BRONZE;1973;33;;;;;1976;28;;;;;1974.5;0.0
0;6700;SILVER;2029;33;;;;;2032;28;;;;;2030.5;0.0
0;6800;GOLD;9998;1;9996;1;9995;23;10004;1;10005;23;;;10001.0;0.0
0;6800;BRONZE;1975;1;1974;23;;;1978;24;;;;;1976.5;0.0
0;6800;SILVER;2029;24;;;;;2033;24;;;;;2031.0;0.0
0;6900;SILVER;2030;28;;;;;2032;4;2033;28;;;2031.0;0.0
0;6900;GOLD;9995;28;;;;;10005;28;;;;;10000.0;0.0
0;6900;BRONZE;1973;28;;;;;1975;4;1976;28;;;1974.0;0.0
0;7000;BRONZE;1974;6;1973;29;;;1976;29;;;;;1975.0;0.0
0;7000;SILVER;2031;6;2030;29;;;2033;29;;;;;2032.0;0.0
0;7000;GOLD;10000;6;9998;7;9996;2;10004;2;10005;27;;;10002.0;0.0
0;7100;GOLD;9996;1;9995;29;;;10004;1;10005;29;;;10000.0;0.0
0;7100;BRONZE;1975;30;;;;;1978;30;;;;;1976.5;0.0
0;7100;SILVER;2030;30;;;;;2033;30;;;;;2031.5;0.0
0;7200;GOLD;9996;2;9995;21;;;10004;2;10005;21;;;10000.0;0.0
0;7200;BRONZE;1976;23;;;;;1979;23;;;;;1977.5;0.0
0;7200;SILVER;2030;23;;;;;2033;23;;;;;2031.5;0.0
0;7300;SILVER;2030;25;;;;;2033;25;;;;;2031.5;0.0
0;7300;GOLD;9996;2;9995;23;;;10002;4;10004;2;10005;23;9999.0;0.0
0;7300;BRONZE;1975;25;;;;;1978;25;;;;;1976.5;0.0
0;7400;BRONZE;1975;30;;;;;1977;6;1978;30;;;1976.0;0.0
0;7400;SILVER;2030;30;;;;;2032;6;2033;30;;;2031.0;0.0
0;7400;GOLD;10002;1;9996;2;9995;28;10004;2;10005;28;;;10003.0;0.0
0;7500;GOLD;9995;29;;;;;10005;29;;;;;10000.0;0.0
0;7500;BRONZE;1974;29;;;;;1977;29;;;;;1975.5;0.0
0;7500;SILVER;2030;29;;;;;2033;29;;;;;2031.5;0.0
0;7600;GOLD;9996;2;9995;24;;;10004;2;10005;24;;;10000.0;0.0
0;7600;BRONZE;1974;2;1973;24;;;1977;26;;;;;1975.5;0.0
0;7600;SILVER;2030;26;;;;;2033;26;;;;;2031.5;0.0
0;7700;SILVER;2030;28;;;;;2032;5;2033;28;;;2031.0;0.0
0;7700;GOLD;9995;28;;;;;10005;28;;;;;10000.0;0.0
0;7700;BRONZE;1974;28;;;;;1976;5;1977;28;;;1975.0;0.0
0;7800;BRONZE;1976;1;1974;1;1973;22;1977;23;;;;;1976.5;0.0
0;7800;SILVER;2032;1;2030;23;;;2033;23;;;;;2032.5;0.0
0;7800;GOLD;9996;1;9995;22;;;10004;1;10005;22;;;10000.0;0.0
0;7900;GOLD;9996;1;9995;25;;;10002;4;10004;1;10005;25;9999.0;0.0
0;7900;BRONZE;1974;1;1972;26;;;1975;1;1976;25;;;1974.5;0.0
0;7900;SILVER;2032;1;2030;26;;;2033;26;;;;;2032.5;0.0
0;8000;GOLD;9996;1;9995;22;;;10004;1;10005;22;;;10000.0;0.0
0;8000;BRONZE;1974;5;1973;23;;;1976;23;;;;;1975.0;0.0
0;8000;SILVER;2030;6;2029;22;;;2033;23;;;;;2031.5;0.0
0;8100;SILVER;2030;5;2029;22;;;2033;22;;;;;2031.5;0.0
0;8100;GOLD;9995;22;;;;;10005;22;;;;;10000.0;0.0
0;8100;BRONZE;1973;27;;;;;1976;22;;;;;1974.5;0.0
0;8200;GOLD;9995;20;;;;;9998;1;10002;2;10005;20;9996.5;0.0
0;8200;BRONZE;1975;20;;;;;1977;8;1979;20;;;1976.0;0.0
0;8200;SILVER;2030;20;;;;;2032;8;2033;20;;;2031.0;0.0
0;8300;BRONZE;1977;27;;;;;1980;27;;;;;1978.5;0.0
0;8300;SILVER;2030;27;;;;;2033;27;;;;;2031.5;0.0
0;8300;GOLD;10002;1;9998;6;9996;1;10004;1;10005;26;;;10003.0;0.0
0;8400;GOLD;9995;26;;;;;10005;26;;;;;10000.0;0.0
0;8400;BRONZE;1977;8;1976;26;;;1980;26;;;;;1978.5;0.0
0;8400;SILVER;2030;34;;;;;2033;26;;;;;2031.5;0.0
0;8500;SILVER;2030;30;;;;;2033;30;;;;;2031.5;0.0
0;8500;GOLD;9995;30;;;;;10005;30;;;;;10000.0;0.0
0;8500;BRONZE;1975;30;;;;;1978;30;;;;;1976.5;0.0
0;8600;GOLD;9996;1;9995;22;;;10004;1;10005;22;;;10000.0;0.0
0;8600;SILVER;2030;23;;;;;2032;4;2033;23;;;2031.0;0.0
0;8600;BRONZE;1976;23;;;;;1978;4;1979;23;;;1977.0;0.0
0;8700;BRONZE;1978;30;;;;;1980;6;1981;30;;;1979.0;0.0
0;8700;SILVER;2030;30;;;;;2032;6;2033;30;;;2031.0;0.0
0;8700;GOLD;9996;1;9995;29;;;10004;1;10005;29;;;10000.0;0.0
0;8800;BRONZE;1979;24;;;;;1982;23;;;;;1980.5;0.0
0;8800;GOLD;9995;23;;;;;9998;12;10005;23;;;9996.5;0.0
0;8800;SILVER;2030;24;;;;;2033;23;;;;;2031.5;0.0
0;8900;BRONZE;1979;27;;;;;1982;27;;;;;1980.5;0.0
0;8900;SILVER;2030;27;;;;;2033;27;;;;;2031.5;0.0
0;8900;GOLD;10002;5;9996;1;9995;26;10004;1;10005;26;;;10003.0;0.0
0;9000;GOLD;9995;23;;;;;10002;7;10005;23;;;9998.5;0.0
0;9000;SILVER;2030;23;;;;;2033;23;;;;;2031.5;0.0
0;9000;BRONZE;1979;23;;;;;1983;23;;;;;1981.0;0.0
0;9100;BRONZE;1979;31;;;;;1982;31;;;;;1980.5;0.0
0;9100;SILVER;2030;31;;;;;2033;31;;;;;2031.5;0.0
0;9100;GOLD;9996;1;9995;30;;;10004;1;10005;30;;;10000.0;0.0
0;9200;BRONZE;1980;24;;;;;1982;7;1983;24;;;1981.0;0.0
0;9200;GOLD;9995;24;;;;;10002;3;10005;24;;;9998.5;0.0
0;9200;SILVER;2030;24;;;;;2032;7;2033;24;;;2031.0;0.0
0;9300;BRONZE;1981;4;1980;5;1979;23;1983;23;;;;;1982.0;0.0
0;9300;SILVER;2032;4;2030;28;;;2033;23;;;;;2032.5;0.0
0;9300;GOLD;9995;23;;;;;10005;23;;;;;10000.0;0.0
0;9400;GOLD;9996;2;9995;22;;;10004;2;10005;22;;;10000.0;0.0
0;9400;SILVER;2030;24;;;;;2033;24;;;;;2031.5;0.0
0;9400;BRONZE;1980;24;;;;;1984;24;;;;;1982.0;0.0
0;9500;BRONZE;1981;29;;;;;1983;4;1985;29;;;1982.0;0.0
0;9500;SILVER;2030;29;;;;;2032;4;2033;29;;;2031.0;0.0
0;9500;GOLD;9998;9;9996;1;9995;28;10004;1;10005;28;;;10001.0;0.0
0;9600;BRONZE;1981;20;;;;;1982;6;1985;20;;;1981.5;0.0
0;9600;GOLD;9995;20;;;;;10005;20;;;;;10000.0;0.0
0;9600;SILVER;2030;14;;;;;2033;20;;;;;2031.5;0.0
0;9700;BRONZE;1980;25;;;;;1984;25;;;;;1982.0;0.0
0;9700;SILVER;2029;25;;;;;2033;25;;;;;2031.0;0.0
0;9700;GOLD;9998;3;9995;25;;;10005;25;;;;;10001.5;0.0
0;9800;GOLD;9995;21;;;;;10002;5;10005;21;;;9998.5;0.0
0;9800;SILVER;2030;21;;;;;2033;21;;;;;2031.5;0.0
0;9800;BRONZE;1981;21;;;;;1984;21;;;;;1982.5;0.0
0;9900;BRONZE;1981;22;;;;;1984;22;;;;;1982.5;0.0
0;9900;SILVER;2030;22;;;;;2033;22;;;;;2031.5;0.0
0;9900;GOLD;9995;22;;;;;10005;22;;;;;10000.0;0.0
0;10000;BRONZE;1981;31;;;;;1985;31;;;;;1983.0;0.0
0;10000;GOLD;9998;8;9996;2;9995;29;10004;2;10005;29;;;10001.0;0.0
0;10000;SILVER;2030;31;;;;;2033;31;;;;;2031.5;0.0
0;10100;BRONZE;1984;4;1982;22;;;1986;22;;;;;1985.0;0.0
0;10100;SILVER;2032;4;2030;22;;;2033;22;;;;;2032.5;0.0
0;10100;GOLD;9995;22;;;;;10005;22;;;;;10000.0;0.0
0;10200;GOLD;9996;2;9995;23;;;10004;2;10005;23;;;10000.0;0.0
0;10200;SILVER;2030;25;;;;;2033;25;;;;;2031.5;0.0
0;10200;BRONZE;1981;25;;;;;1984;25;;;;;1982.5;0.0
0;10300;BRONZE;1982;2;1981;20;;;1985;22;;;;;1983.5;0.0
0;10300;SILVER;2030;22;;;;;2033;22;;;;;2031.5;0.0
0;10300;GOLD;9996;2;9995;20;;;10004;2;10005;20;;;10000.0;0.0
0;10400;BRONZE;1982;30;;;;;1984;5;1986;30;;;1983.0;0.0
0;10400;GOLD;9995;30;;;;;10005;30;;;;;10000.0;0.0
0;10400;SILVER;2030;30;;;;;2032;5;2033;30;;;2031.0;0.0
0;10500;BRONZE;1982;1;1981;27;;;1985;28;;;;;1983.5;0.0
0;10500;SILVER;2030;28;;;;;2033;28;;;;;2031.5;0.0
0;10500;GOLD;9998;4;9996;1;9995;27;10004;1;10005;27;;;10001.0;0.0
0;10600;GOLD;9995;23;;;;;9998;2;10002;6;10005;23;9996.5;0.0
0;10600;SILVER;2030;23;;;;;2032;3;2033;23;;;2031.0;0.0
0;10600;BRONZE;1981;23;;;;;1983;3;1985;23;;;1982.0;0.0
0;10700;BRONZE;1981;23;;;;;1984;23;;;;;1982.5;0.0
0;10700;SILVER;2029;23;;;;;2033;23;;;;;2031.0;0.0
0;10700;GOLD;9998;1;9995;23;;;10005;23;;;;;10001.5;0.0
0;10800;BRONZE;1980;23;;;;;1981;1;1984;23;;;1980.5;0.0
0;10800;GOLD;10002;1;9998;4;9995;23;10005;23;;;;;10003.5;0.0
0;10800;SILVER;2029;22;;;;;2033;23;;;;;2031.0;0.0
0;10900;BRONZE;1980;30;;;;;1983;30;;;;;1981.5;0.0
0;10900;GOLD;9996;1;9995;29;;;10004;1;10005;29;;;10000.0;0.0
0;10900;SILVER;2029;30;;;;;2033;30;;;;;2031.0;0.0
0;11000;GOLD;9996;1;9995;29;;;10004;1;10005;29;;;10000.0;0.0
0;11000;SILVER;2029;30;;;;;2032;1;2033;29;;;2030.5;0.0
0;11000;BRONZE;1980;30;;;;;1983;30;;;;;1981.5;0.0
0;11100;SILVER;2029;31;;;;;2033;31;;;;;2031.0;0.0
0;11100;BRONZE;1979;2;1978;29;;;1982;31;;;;;1980.5;0.0
0;11100;GOLD;9996;2;9995;29;;;10002;4;10004;2;10005;29;9999.0;0.0
0;11200;SILVER;2029;29;;;;;2032;1;2033;28;;;2030.5;0.0
0;11200;BRONZE;1980;29;;;;;1983;29;;;;;1981.5;0.0
0;11200;GOLD;10002;1;9996;1;9995;28;10004;1;10005;28;;;10003.0;0.0
0;11300;BRONZE;1980;27;;;;;1983;27;;;;;1981.5;0.0
0;11300;GOLD;9996;1;9995;26;;;10004;1;10005;26;;;10000.0;0.0
0;11300;SILVER;2029;27;;;;;2033;27;;;;;2031.0;0.0
0;11400;GOLD;9998;2;9996;1;9995;23;10004;1;10005;23;;;10001.0;0.0
0;11400;SILVER;2029;24;;;;;2033;24;;;;;2031.0;0.0
0;11400;BRONZE;1981;24;;;;;1984;24;;;;;1982.5;0.0
0;11500;SILVER;2030;7;2029;29;;;2033;29;;;;;2031.5;0.0
0;11500;BRONZE;1981;7;1980;29;;;1983;1;1984;28;;;1982.0;0.0
0;11500;GOLD;9998;1;9996;1;9995;28;10004;1;10005;28;;;10001.0;0.0
0;11600;SILVER;2029;26;;;;;2031;6;2033;26;;;2030.0;0.0
0;11600;BRONZE;1981;26;;;;;1983;6;1985;26;;;1982.0;0.0
0;11600;GOLD;9995;26;;;;;10005;26;;;;;10000.0;0.0
0;11700;BRONZE;1981;22;;;;;1984;22;;;;;1982.5;0.0
0;11700;GOLD;9996;1;9995;21;;;10004;1;10005;21;;;10000.0;0.0
0;11700;SILVER;2029;22;;;;;2033;22;;;;;2031.0;0.0
0;11800;GOLD;9995;21;;;;;10005;21;;;;;10000.0;0.0
0;11800;SILVER;2029;21;;;;;2033;21;;;;;2031.0;0.0
0;11800;BRONZE;1979;21;;;;;1982;21;;;;;1980.5;0.0
0;11900;SILVER;2029;25;;;;;2033;25;;;;;2031.0;0.0
0;11900;BRONZE;1978;25;;;;;1981;25;;;;;1979.5;0.0
0;11900;GOLD;9995;25;;;;;10005;25;;;;;10000.0;0.0
0;12000;SILVER;2030;25;;;;;2033;25;;;;;2031.5;0.0
0;12000;BRONZE;1978;25;;;;;1982;25;;;;;1980.0;0.0
0;12000;GOLD;9995;25;;;;;10005;25;;;;;10000.0;0.0
0;12100;BRONZE;1979;22;;;;;1982;22;;;;;1980.5;0.0
0;12100;GOLD;9996;2;9995;20;;;10002;3;10004;2;10005;20;9999.0;0.0
0;12100;SILVER;2030;2;2029;20;;;2033;22;;;;;2031.5;0.0
0;12200;GOLD;9998;10;9996;2;9995;26;10004;2;10005;26;;;10001.0;0.0
0;12200;SILVER;2029;28;;;;;2033;28;;;;;2031.0;0.0
0;12200;BRONZE;1978;28;;;;;1981;28;;;;;1979.5;0.0
0;12300;SILVER;2030;28;;;;;2031;6;2033;24;;;2030.5;0.0
0;12300;BRONZE;1977;28;;;;;1978;6;1980;24;;;1977.5;0.0
0;12300;GOLD;9996;1;9995;23;;;10000;5;10004;1;10005;23;9998.0;0.0
0;12400;SILVER;2030;30;;;;;2033;30;;;;;2031.5;0.0
0;12400;BRONZE;1976;30;;;;;1979;30;;;;;1977.5;0.0
0;12400;GOLD;9996;1;9995;29;;;10004;1;10005;29;;;10000.0;0.0
0;12500;BRONZE;1975;31;;;;;1977;8;1978;31;;;1976.0;0.0
0;12500;GOLD;10002;5;9996;2;9995;29;10004;2;10005;29;;;10003.0;0.0
0;12500;SILVER;2030;31;;;;;2032;8;2033;31;;;2031.0;0.0
0;12600;GOLD;9998;5;9996;1;9995;30;10004;1;10005;30;;;10001.0;0.0
0;12600;SILVER;2030;31;;;;;2033;31;;;;;2031.5;0.0
0;12600;BRONZE;1974;1;1973;30;;;1977;31;;;;;1975.5;0.0
0;12700;SILVER;2030;31;;;;;2033;31;;;;;2031.5;0.0
0;12700;GOLD;9996;2;9995;29;;;10004;2;10005;29;;;10000.0;0.0
0;12700;BRONZE;1972;31;;;;;1975;2;1976;29;;;1973.5;0.0
0;12800;SILVER;2030;31;;;;;2032;3;2033;31;;;2031.0;0.0
0;12800;BRONZE;1974;1;1973;30;;;1975;3;1977;31;;;1974.5;0.0
0;12800;GOLD;9996;1;9995;30;;;10002;3;10004;1;10005;30;9999.0;0.0
0;12900;GOLD;9995;24;;;;;10005;24;;;;;10000.0;0.0
0;12900;BRONZE;1971;24;;;;;1973;4;1974;24;;;1972.0;0.0
0;12900;SILVER;2030;24;;;;;2032;4;2033;24;;;2031.0;0.0
0;13000;GOLD;9995;27;;;;;10005;27;;;;;10000.0;0.0
0;13000;BRONZE;1972;27;;;;;1975;27;;;;;1973.5;0.0
0;13000;SILVER;2029;27;;;;;2033;27;;;;;2031.0;0.0
0;13100;SILVER;2031;2;2030;7;2029;30;2032;2;2033;28;;;2031.5;0.0
0;13100;GOLD;9996;2;9995;28;;;10004;2;10005;28;;;10000.0;0.0
0;13100;BRONZE;1975;2;1974;37;;;1977;30;;;;;1976.0;0.0
0;13200;BRONZE;1973;28;;;;;1975;3;1977;28;;;1974.0;0.0
0;13200;SILVER;2030;28;;;;;2032;3;2033;28;;;2031.0;0.0
0;13200;GOLD;9995;28;;;;;10005;28;;;;;10000.0;0.0
0;13300;GOLD;9996;2;9995;26;;;10004;2;10005;26;;;10000.0;0.0
0;13300;BRONZE;1972;28;;;;;1974;6;1976;28;;;1973.0;0.0
0;13300;SILVER;2030;28;;;;;2032;6;2033;28;;;2031.0;0.0
0;13400;GOLD;10002;1;9996;1;9995;25;10004;1;10005;25;;;10003.0;0.0
0;13400;BRONZE;1974;8;1973;26;;;1977;26;;;;;1975.5;0.0
0;13400;SILVER;2030;34;;;;;2033;26;;;;;2031.5;0.0
0;13500;SILVER;2030;35;;;;;2033;30;;;;;2031.5;0.0
0;13500;GOLD;9996;1;9995;29;;;10002;9;10004;1;10005;29;9999.0;0.0
0;13500;BRONZE;1975;5;1974;30;;;1978;30;;;;;1976.5;0.0
0;13600;BRONZE;1976;5;1974;25;;;1977;25;;;;;1976.5;0.0
0;13600;SILVER;2032;5;2030;25;;;2033;25;;;;;2032.5;0.0
0;13600;GOLD;9996;2;9995;23;;;10004;2;10005;23;;;10000.0;0.0
0;13700;GOLD;10000;2;9996;2;9995;28;10002;7;10004;2;10005;28;10001.0;0.0
0;13700;BRONZE;1975;3;1974;30;;;1977;30;;;;;1976.0;0.0
0;13700;SILVER;2031;3;2030;30;;;2034;30;;;;;2032.5;0.0
0;13800;GOLD;9996;1;9995;24;;;10004;1;10005;24;;;10000.0;0.0
0;13800;BRONZE;1974;25;;;;;1977;25;;;;;1975.5;0.0
0;13800;SILVER;2030;25;;;;;2034;25;;;;;2032.0;0.0
0;13900;SILVER;2030;20;;;;;2034;20;;;;;2032.0;0.0
0;13900;GOLD;9995;20;;;;;10002;2;10005;20;;;9998.5;0.0
0;13900;BRONZE;1973;20;;;;;1977;20;;;;;1975.0;0.0
0;14000;BRONZE;1976;1;1974;27;;;1978;27;;;;;1977.0;0.0
0;14000;SILVER;2033;1;2030;27;;;2034;27;;;;;2033.5;0.0
0;14000;GOLD;9996;1;9995;26;;;10004;1;10005;26;;;10000.0;0.0
0;14100;GOLD;10000;3;9996;2;9995;22;10004;2;10005;22;;;10002.0;0.0
0;14100;BRONZE;1977;3;1976;24;;;1979;24;;;;;1978.0;0.0
0;14100;SILVER;2032;3;2030;24;;;2034;24;;;;;2033.0;0.0
0;14200;GOLD;9996;2;9995;22;;;10004;2;10005;22;;;10000.0;0.0
0;14200;BRONZE;1976;24;;;;;1979;24;;;;;1977.5;0.0
0;14200;SILVER;2030;24;;;;;2034;24;;;;;2032.0;0.0
0;14300;SILVER;2030;30;;;;;2031;1;2034;30;;;2030.5;0.0
0;14300;GOLD;9996;2;9995;28;;;10004;2;10005;28;;;10000.0;0.0
0;14300;BRONZE;1974;29;;;;;1977;2;1978;28;;;1975.5;0.0
0;14400;BRONZE;1976;23;;;;;1978;4;1979;1;1980;22;1977.0;0.0
0;14400;SILVER;2030;23;;;;;2032;4;2034;23;;;2031.0;0.0
0;14400;GOLD;9998;9;9996;1;9995;22;10004;1;10005;22;;;10001.0;0.0
0;14500;GOLD;9996;1;9995;22;;;10000;2;10004;1;10005;22;9998.0;0.0
0;14500;BRONZE;1976;22;;;;;1977;2;1978;1;1979;23;1976.5;0.0
0;14500;SILVER;2030;22;;;;;2031;2;2032;1;2034;23;2030.5;0.0
0;14600;GOLD;9995;21;;;;;10002;3;10005;21;;;9998.5;0.0
0;14600;BRONZE;1976;21;;;;;1980;21;;;;;1978.0;0.0
0;14600;SILVER;2030;21;;;;;2034;21;;;;;2032.0;0.0
0;14700;SILVER;2030;26;;;;;2034;26;;;;;2032.0;0.0
0;14700;GOLD;9998;5;9996;2;9995;24;10004;2;10005;24;;;10001.0;0.0
0;14700;BRONZE;1976;26;;;;;1979;26;;;;;1977.5;0.0
0;14800;BRONZE;1977;22;;;;;1979;5;1980;23;;;1978.0;0.0
0;14800;SILVER;2030;22;;;;;2032;5;2034;23;;;2031.0;0.0
0;14800;GOLD;9996;2;9995;21;;;10004;2;10005;21;;;10000.0;0.0
0;14900;GOLD;9996;2;9995;28;;;10002;8;10004;2;10005;28;9999.0;0.0
0;14900;BRONZE;1976;30;;;;;1980;30;;;;;1978.0;0.0
0;14900;SILVER;2030;30;;;;;2034;30;;;;;2032.0;0.0
0;15000;GOLD;9996;1;9995;22;;;10004;1;10005;22;;;10000.0;0.0
0;15000;BRONZE;1977;22;;;;;1980;23;;;;;1978.5;0.0
0;15000;SILVER;2030;22;;;;;2034;23;;;;;2032.0;0.0
0;15100;SILVER;2033;1;2030;26;;;2034;26;;;;;2033.5;0.0
0;15100;GOLD;10002;1;9996;1;9995;25;10004;1;10005;25;;;10003.0;0.0
0;15100;BRONZE;1979;1;1977;26;;;1981;26;;;;;1980.0;0.0
0;15200;BRONZE;1977;3;1976;23;;;1978;4;1980;25;;;1977.5;0.0
0;15200;SILVER;2030;25;;;;;2031;3;2034;25;;;2030.5;0.0
0;15200;GOLD;9998;3;9996;2;9995;23;10000;4;10004;2;10005;23;9999.0;0.0
0;15300;GOLD;9998;3;9996;2;9995;22;10004;2;10005;22;;;10001.0;0.0
0;15300;BRONZE;1976;6;1975;22;;;1979;24;;;;;1977.5;0.0
0;15300;SILVER;2031;4;2030;24;;;2034;24;;;;;2032.5;0.0
0;15400;GOLD;9996;2;9995;24;;;10002;4;10004;2;10005;24;9999.0;0.0
0;15400;BRONZE;1972;26;;;;;1974;3;1975;2;1976;24;1973.0;0.0
0;15400;SILVER;2030;26;;;;;2032;3;2034;26;;;2031.0;0.0
0;15500;SILVER;2030;20;;;;;2032;5;2033;20;;;2031.0;0.0
0;15500;GOLD;9998;5;9995;20;;;10005;20;;;;;10001.5;0.0
0;15500;BRONZE;1972;20;;;;;1974;5;1976;20;;;1973.0;0.0
0;15600;BRONZE;1973;8;1972;24;;;1976;24;;;;;1974.5;0.0
0;15600;SILVER;2031;8;2030;24;;;2033;1;2034;23;;;2032.0;0.0
0;15600;GOLD;9996;1;9995;23;;;10004;1;10005;23;;;10000.0;0.0
0;15700;GOLD;9996;2;9995;20;;;10004;2;10005;20;;;10000.0;0.0
0;15700;BRONZE;1972;22;;;;;1975;22;;;;;1973.5;0.0
0;15700;SILVER;2030;22;;;;;2033;22;;;;;2031.5;0.0
0;15800;GOLD;9998;5;9996;2;9995;24;10004;2;10005;24;;;10001.0;0.0
0;15800;BRONZE;1973;2;1972;24;;;1974;3;1976;26;;;1973.5;0.0
0;15800;SILVER;2030;26;;;;;2032;3;2033;26;;;2031.0;0.0
0;15900;SILVER;2030;27;;;;;2033;27;;;;;2031.5;0.0
0;15900;GOLD;9998;10;9995;27;;;10005;27;;;;;10001.5;0.0
0;15900;BRONZE;1970;27;;;;;1974;27;;;;;1972.0;0.0
0;16000;BRONZE;1968;35;;;;;1971;27;;;;;1969.5;0.0
0;16000;SILVER;2030;35;;;;;2033;27;;;;;2031.5;0.0
0;16000;GOLD;9996;2;9995;25;;;10002;7;10004;2;10005;25;9999.0;0.0
0;16100;GOLD;9998;4;9995;29;;;10005;29;;;;;10001.5;0.0
0;16100;BRONZE;1969;29;;;;;1973;29;;;;;1971.0;0.0
0;16100;SILVER;2030;29;;;;;2033;29;;;;;2031.5;0.0
0;16200;GOLD;9995;21;;;;;10005;21;;;;;10000.0;0.0
0;16200;BRONZE;1970;1;1968;21;;;1971;21;;;;;1970.5;0.0
0;16200;SILVER;2032;1;2030;21;;;2033;21;;;;;2032.5;0.0
0;16300;SILVER;2030;31;;;;;2032;2;2033;31;;;2031.0;0.0
0;16300;GOLD;9996;2;9995;29;;;10002;2;10004;2;10005;29;9999.0;0.0
0;16300;BRONZE;1967;31;;;;;1969;2;1970;31;;;1968.0;0.0
0;16400;BRONZE;1969;24;;;;;1970;4;1973;24;;;1969.5;0.0
0;16400;SILVER;2030;20;;;;;2033;24;;;;;2031.5;0.0
0;16400;GOLD;9996;2;9995;22;;;9998;1;10004;2;10005;22;9997.0;0.0
0;16500;GOLD;9996;2;9995;25;;;10004;2;10005;25;;;10000.0;0.0
0;16500;BRONZE;1968;27;;;;;1970;6;1971;27;;;1969.0;0.0
0;16500;SILVER;2030;27;;;;;2032;6;2033;27;;;2031.0;0.0
0;16600;GOLD;9996;2;9995;23;;;10004;2;10005;23;;;10000.0;0.0
0;16600;BRONZE;1968;25;;;;;1971;25;;;;;1969.5;0.0
0;16600;SILVER;2030;25;;;;;2033;25;;;;;2031.5;0.0
0;16700;SILVER;2030;23;;;;;2033;24;;;;;2031.5;0.0
0;16700;GOLD;10002;3;9996;1;9995;23;10004;1;10005;23;;;10003.0;0.0
0;16700;BRONZE;1966;23;;;;;1970;24;;;;;1968.0;0.0
0;16800;BRONZE;1965;32;;;;;1968;2;1969;30;;;1966.5;0.0
0;16800;SILVER;2030;32;;;;;2033;32;;;;;2031.5;0.0
0;16800;GOLD;9996;2;9995;30;;;10002;5;10004;2;10005;30;9999.0;0.0
0;16900;GOLD;9996;1;9995;23;;;10004;1;10005;23;;;10000.0;0.0
0;16900;BRONZE;1966;30;;;;;1969;24;;;;;1967.5;0.0
0;16900;SILVER;2030;30;;;;;2033;24;;;;;2031.5;0.0
0;17000;GOLD;9995;23;;;;;10005;23;;;;;10000.0;0.0
0;17000;BRONZE;1965;23;;;;;1969;23;;;;;1967.0;0.0
0;17000;SILVER;2030;23;;;;;2033;23;;;;;2031.5;0.0
0;17100;SILVER;2030;30;;;;;2033;31;;;;;2031.5;0.0
0;17100;GOLD;9998;6;9996;1;9995;30;10004;1;10005;30;;;10001.0;0.0
0;17100;BRONZE;1964;30;;;;;1968;31;;;;;1966.0;0.0
0;17200;GOLD;9998;6;9996;2;9995;24;10004;2;10005;24;;;10001.0;0.0
0;17200;BRONZE;1961;26;;;;;1964;26;;;;;1962.5;0.0
0;17200;SILVER;2030;26;;;;;2033;26;;;;;2031.5;0.0
0;17300;BRONZE;1963;28;;;;;1965;2;1966;28;;;1964.0;0.0
0;17300;SILVER;2030;28;;;;;2032;2;2033;28;;;2031.0;0.0
0;17300;GOLD;9995;28;;;;;9998;1;10002;3;10005;28;9996.5;0.0
0;17400;GOLD;9996;1;9995;24;;;10004;1;10005;24;;;10000.0;0.0
0;17400;BRONZE;1964;4;1963;25;;;1966;1;1967;24;;;1965.0;0.0
0;17400;SILVER;2030;29;;;;;2033;25;;;;;2031.5;0.0
0;17500;BRONZE;1961;24;;;;;1964;24;;;;;1962.5;0.0
0;17500;SILVER;2030;24;;;;;2033;24;;;;;2031.5;0.0
0;17500;GOLD;9996;1;9995;23;;;10004;1;10005;23;;;10000.0;0.0
0;17600;GOLD;9995;27;;;;;10005;27;;;;;10000.0;0.0
0;17600;SILVER;2030;27;;;;;2033;27;;;;;2031.5;0.0
0;17600;BRONZE;1962;27;;;;;1966;27;;;;;1964.0;0.0
0;17700;BRONZE;1962;24;;;;;1965;24;;;;;1963.5;0.0
0;17700;SILVER;2030;24;;;;;2033;24;;;;;2031.5;0.0
0;17700;GOLD;9996;1;9995;23;;;10004;1;10005;23;;;10000.0;0.0
0;17800;BRONZE;1963;23;;;;;1967;23;;;;;1965.0;0.0
0;17800;GOLD;9995;23;;;;;10005;23;;;;;10000.0;0.0
0;17800;SILVER;2030;23;;;;;2033;23;;;;;2031.5;0.0
0;17900;BRONZE;1962;30;;;;;1965;30;;;;;1963.5;0.0
0;17900;SILVER;2030;30;;;;;2033;30;;;;;2031.5;0.0
0;17900;GOLD;9998;8;9996;1;9995;29;10004;1;10005;29;;;10001.0;0.0
0;18000;GOLD;9998;7;9996;2;9995;26;10004;2;10005;26;;;10001.0;0.0
0;18000;SILVER;2032;5;2030;28;;;2033;28;;;;;2032.5;0.0
0;18000;BRONZE;1965;5;1963;28;;;1966;28;;;;;1965.5;0.0
0;18100;BRONZE;1964;21;;;;;1968;21;;;;;1966.0;0.0
0;18100;SILVER;2030;21;;;;;2033;21;;;;;2031.5;0.0
0;18100;GOLD;9995;21;;;;;10005;21;;;;;10000.0;0.0
0;18200;BRONZE;1967;1;1966;1;1965;24;1968;1;1969;23;;;1967.5;0.0
0;18200;GOLD;9996;1;9995;23;;;10004;1;10005;23;;;10000.0;0.0
0;18200;SILVER;2032;1;2030;2;2029;23;2033;24;;;;;2032.5;0.0
0;18300;BRONZE;1966;31;;;;;1969;29;;;;;1967.5;0.0
0;18300;SILVER;2030;2;2029;29;;;2033;29;;;;;2031.5;0.0
0;18300;GOLD;9996;2;9995;27;;;10004;2;10005;27;;;10000.0;0.0
0;18400;GOLD;9996;1;9995;29;;;10004;1;10005;29;;;10000.0;0.0
0;18400;SILVER;2029;30;;;;;2031;3;2033;30;;;2030.0;0.0
0;18400;BRONZE;1966;30;;;;;1968;3;1969;30;;;1967.0;0.0
0;18500;BRONZE;1966;32;;;;;1969;32;;;;;1967.5;0.0
0;18500;SILVER;2029;32;;;;;2033;32;;;;;2031.0;0.0
0;18500;GOLD;9998;3;9996;2;9995;30;10004;2;10005;30;;;10001.0;0.0
0;18600;BRONZE;1966;31;;;;;1968;7;1969;31;;;1967.0;0.0
0;18600;GOLD;9996;1;9995;30;;;10002;9;10004;1;10005;30;9999.0;0.0
0;18600;SILVER;2029;31;;;;;2031;7;2033;31;;;2030.0;0.0
0;18700;BRONZE;1964;27;;;;;1966;3;1967;27;;;1965.0;0.0
0;18700;SILVER;2029;27;;;;;2031;3;2033;27;;;2030.0;0.0
0;18700;GOLD;10002;9;9996;2;9995;25;10004;2;10005;25;;;10003.0;0.0
0;18800;GOLD;9996;2;9995;22;;;10004;2;10005;22;;;10000.0;0.0
0;18800;SILVER;2029;24;;;;;2031;8;2033;24;;;2030.0;0.0
0;18800;BRONZE;1963;24;;;;;1965;8;1966;24;;;1964.0;0.0
0;18900;BRONZE;1964;4;1963;28;;;1967;28;;;;;1965.5;0.0
0;18900;SILVER;2030;4;2029;28;;;2033;28;;;;;2031.5;0.0
0;18900;GOLD;9996;1;9995;27;;;10004;1;10005;27;;;10000.0;0.0
0;19000;BRONZE;1966;5;1964;25;;;1968;25;;;;;1967.0;0.0
0;19000;GOLD;9995;25;;;;;10002;7;10005;25;;;9998.5;0.0
0;19000;SILVER;2031;5;2029;25;;;2033;25;;;;;2032.0;0.0
0;19100;BRONZE;1965;29;;;;;1966;5;1967;7;1969;29;1965.5;0.0
0;19100;SILVER;2030;1;2029;28;;;2031;12;2033;29;;;2030.5;0.0
0;19100;GOLD;9996;1;9995;28;;;10000;5;10004;1;10005;28;9998.0;0.0
0;19200;GOLD;9996;1;9995;28;;;10002;7;10004;1;10005;28;9999.0;0.0
0;19200;SILVER;2030;1;2029;28;;;2033;29;;;;;2031.5;0.0
0;19200;BRONZE;1966;29;;;;;1969;29;;;;;1967.5;0.0
0;19300;BRONZE;1966;35;;;;;1969;32;;;;;1967.5;0.0
0;19300;SILVER;2030;5;2029;30;;;2033;32;;;;;2031.5;0.0
0;19300;GOLD;9996;2;9995;30;;;10004;2;10005;30;;;10000.0;0.0
0;19400;BRONZE;1966;25;;;;;1969;21;;;;;1967.5;0.0
0;19400;GOLD;9996;1;9995;20;;;10002;3;10004;1;10005;20;9999.0;0.0
0;19400;SILVER;2030;5;2029;20;;;2033;21;;;;;2031.5;0.0
0;19500;BRONZE;1967;23;;;;;1970;22;;;;;1968.5;0.0
0;19500;SILVER;2030;23;;;;;2033;22;;;;;2031.5;0.0
0;19500;GOLD;9996;2;9995;20;;;10004;2;10005;20;;;10000.0;0.0
0;19600;GOLD;9996;2;9995;29;;;10004;2;10005;29;;;10000.0;0.0
0;19600;SILVER;2030;31;;;;;2033;31;;;;;2031.5;0.0
0;19600;BRONZE;1967;31;;;;;1970;31;;;;;1968.5;0.0
0;19700;SILVER;2030;25;;;;;2033;25;;;;;2031.5;0.0
0;19700;BRONZE;1968;25;;;;;1972;25;;;;;1970.0;0.0
0;19700;GOLD;9996;1;9995;24;;;10002;2;10004;1;10005;24;9999.0;0.0
0;19800;SILVER;2030;20;;;;;2033;20;;;;;2031.5;0.0
0;19800;BRONZE;1967;20;;;;;1971;20;;;;;1969.0;0.0
0;19800;GOLD;10002;4;9995;20;;;10005;20;;;;;10003.5;0.0
0;19900;BRONZE;1971;28;;;;;1974;28;;;;;1972.5;0.0
0;19900;GOLD;9996;1;9995;27;;;10004;1;10005;27;;;10000.0;0.0
0;19900;SILVER;2030;28;;;;;2033;28;;;;;2031.5;0.0
0;20000;GOLD;9996;1;9995;28;;;10002;4;10004;1;10005;28;9999.0;0.0
0;20000;SILVER;2030;29;;;;;2033;29;;;;;2031.5;0.0
0;20000;BRONZE;1971;29;;;;;1974;1;1975;28;;;1972.5;0.0
0;20100;SILVER;2030;31;;;;;2033;31;;;;;2031.5;0.0
0;20100;BRONZE;1969;31;;;;;1972;31;;;;;1970.5;0.0
0;20100;GOLD;9998;9;9996;2;9995;29;10004;2;10005;29;;;10001.0;0.0
0;20200;SILVER;2030;29;;;;;2033;29;;;;;2031.5;0.0
0;20200;BRONZE;1970;29;;;;;1973;29;;;;;1971.5;0.0
0;20200;GOLD;9995;29;;;;;10005;29;;;;;10000.0;0.0
0;20300;BRONZE;1969;23;;;;;1972;23;;;;;1970.5;0.0
0;20300;GOLD;9996;2;9995;21;;;10004;2;10005;21;;;10000.0;0.0
0;20300;SILVER;2030;23;;;;;2033;23;;;;;2031.5;0.0
0;20400;GOLD;9995;24;;;;;10005;24;;;;;10000.0;0.0
0;20400;SILVER;2030;24;;;;;2033;24;;;;;2031.5;0.0
0;20400;BRONZE;1970;24;;;;;1973;24;;;;;1971.5;0.0
0;20500;SILVER;2032;10;2030;30;;;2033;30;;;;;2032.5;0.0
0;20500;BRONZE;1971;10;1969;30;;;1972;30;;;;;1971.5;0.0
0;20500;GOLD;9995;30;;;;;10005;30;;;;;10000.0;0.0
0;20600;SILVER;2030;23;;;;;2033;23;;;;;2031.5;0.0
0;20600;BRONZE;1970;23;;;;;1973;23;;;;;1971.5;0.0
0;20600;GOLD;9996;2;9995;21;;;10004;2;10005;21;;;10000.0;0.0
0;20700;BRONZE;1970;31;;;;;1974;31;;;;;1972.0;0.0
0;20700;GOLD;9996;1;9995;30;;;10002;6;10004;1;10005;30;9999.0;0.0
0;20700;SILVER;2030;31;;;;;2033;31;;;;;2031.5;0.0
0;20800;GOLD;9996;2;9995;23;;;10004;2;10005;23;;;10000.0;0.0
0;20800;SILVER;2032;1;2030;25;;;2033;25;;;;;2032.5;0.0
0;20800;BRONZE;1972;1;1970;25;;;1973;25;;;;;1972.5;0.0
0;20900;SILVER;2030;24;;;;;2033;24;;;;;2031.5;0.0
0;20900;BRONZE;1972;1;1971;23;;;1975;24;;;;;1973.5;0.0
0;20900;GOLD;9996;1;9995;23;;;10004;1;10005;23;;;10000.0;0.0
0;21000;SILVER;2030;27;;;;;2033;27;;;;;2031.5;0.0
0;21000;BRONZE;1972;27;;;;;1975;27;;;;;1973.5;0.0
0;21000;GOLD;9995;27;;;;;10005;27;;;;;10000.0;0.0
0;21100;BRONZE;1972;2;1971;28;;;1975;30;;;;;1973.5;0.0
0;21100;GOLD;9998;1;9996;2;9995;28;10004;2;10005;28;;;10001.0;0.0
0;21100;SILVER;2030;30;;;;;2033;30;;;;;2031.5;0.0
0;21200;GOLD;9995;23;;;;;10005;23;;;;;10000.0;0.0
0;21200;SILVER;2030;23;;;;;2033;23;;;;;2031.5;0.0
0;21200;BRONZE;1972;23;;;;;1975;23;;;;;1973.5;0.0
0;21300;SILVER;2030;28;;;;;2032;5;2034;29;;;2031.0;0.0
0;21300;BRONZE;1975;28;;;;;1977;5;1978;29;;;1976.0;0.0
0;21300;GOLD;9995;29;;;;;10005;29;;;;;10000.0;0.0
0;21400;SILVER;2030;30;;;;;2034;30;;;;;2032.0;0.0
0;21400;BRONZE;1975;30;;;;;1978;30;;;;;1976.5;0.0
0;21400;GOLD;9995;30;;;;;10005;30;;;;;10000.0;0.0
0;21500;GOLD;9996;2;9995;22;;;10004;2;10005;22;;;10000.0;0.0
0;21500;BRONZE;1975;24;;;;;1977;5;1978;24;;;1976.0;0.0
0;21500;SILVER;2030;24;;;;;2032;5;2034;24;;;2031.0;0.0
0;21600;GOLD;10002;1;9995;29;;;10005;29;;;;;10003.5;0.0
0;21600;SILVER;2030;28;;;;;2034;29;;;;;2032.0;0.0
0;21600;BRONZE;1976;28;;;;;1979;29;;;;;1977.5;0.0
0;21700;SILVER;2030;31;;;;;2034;31;;;;;2032.0;0.0
0;21700;GOLD;9996;1;9995;30;;;10002;10;10004;1;10005;30;9999.0;0.0
0;21700;BRONZE;1977;31;;;;;1980;31;;;;;1978.5;0.0
0;21800;SILVER;2030;28;;;;;2034;29;;;;;2032.0;0.0
0;21800;BRONZE;1975;29;;;;;1976;1;1979;29;;;1975.5;0.0
0;21800;GOLD;9998;6;9996;1;9995;28;10004;1;10005;28;;;10001.0;0.0
0;21900;GOLD;9996;2;9995;28;;;10004;2;10005;28;;;10000.0;0.0
0;21900;BRONZE;1977;3;1976;28;;;1980;30;;;;;1978.5;0.0
0;21900;SILVER;2031;1;2030;30;;;2034;30;;;;;2032.5;0.0
0;22000;GOLD;9996;1;9995;23;;;10000;2;10004;1;10005;23;9998.0;0.0
0;22000;BRONZE;1977;28;;;;;1978;2;1980;24;;;1977.5;0.0
0;22000;SILVER;2031;4;2030;24;;;2032;2;2034;24;;;2031.5;0.0
0;22100;SILVER;2031;24;;;;;2034;25;;;;;2032.5;0.0
0;22100;GOLD;9996;2;9995;23;;;10004;2;10005;23;;;10000.0;0.0
0;22100;BRONZE;1976;24;;;;;1979;25;;;;;1977.5;0.0
0;22200;BRONZE;1977;28;;;;;1979;6;1980;28;;;1978.0;0.0
0;22200;SILVER;2031;28;;;;;2033;6;2034;28;;;2032.0;0.0
0;22200;GOLD;9996;1;9995;27;;;10002;4;10004;1;10005;27;9999.0;0.0
0;22300;GOLD;9996;1;9995;29;;;10004;1;10005;29;;;10000.0;0.0
0;22300;BRONZE;1976;30;;;;;1980;30;;;;;1978.0;0.0
0;22300;SILVER;2031;30;;;;;2034;30;;;;;2032.5;0.0
0;22400;GOLD;10002;2;9996;2;9995;24;10004;2;10005;24;;;10003.0;0.0
0;22400;BRONZE;1976;26;;;;;1979;26;;;;;1977.5;0.0
0;22400;SILVER;2031;26;;;;;2034;26;;;;;2032.5;0.0
0;22500;SILVER;2031;27;;;;;2034;27;;;;;2032.5;0.0
0;22500;GOLD;10002;6;9995;27;;;10005;27;;;;;10003.5;0.0
0;22500;BRONZE;1977;27;;;;;1981;27;;;;;1979.0;0.0
0;22600;BRONZE;1979;27;;;;;1982;27;;;;;1980.5;0.0
0;22600;SILVER;2031;27;;;;;2034;27;;;;;2032.5;0.0
0;22600;GOLD;9996;1;9995;26;;;10002;9;10004;1;10005;26;9999.0;0.0
0;22700;GOLD;9995;28;;;;;10005;28;;;;;10000.0;0.0
0;22700;BRONZE;1978;28;;;;;1982;28;;;;;1980.0;0.0
0;22700;SILVER;2031;28;;;;;2034;28;;;;;2032.5;0.0
0;22800;GOLD;9996;1;9995;29;;;9998;3;10004;1;10005;29;9997.0;0.0
0;22800;BRONZE;1978;30;;;;;1981;30;;;;;1979.5;0.0
0;22800;SILVER;2031;30;;;;;2034;30;;;;;2032.5;0.0
0;22900;SILVER;2031;26;;;;;2034;26;;;;;2032.5;0.0
0;22900;GOLD;9996;2;9995;24;;;9998;1;10004;2;10005;24;9997.0;0.0
0;22900;BRONZE;1978;26;;;;;1981;26;;;;;1979.5;0.0
0;23000;BRONZE;1978;26;;;;;1982;26;;;;;1980.0;0.0
0;23000;SILVER;2031;26;;;;;2034;26;;;;;2032.5;0.0
0;23000;GOLD;9998;3;9996;2;9995;24;10004;2;10005;24;;;10001.0;0.0
0;23100;GOLD;9996;1;9995;23;;;10002;10;10004;1;10005;23;9999.0;0.0
0;23100;BRONZE;1978;24;;;;;1982;24;;;;;1980.0;0.0
0;23100;SILVER;2031;1;2030;23;;;2034;24;;;;;2032.5;0.0
0;23200;GOLD;9995;26;;;;;9998;1;10002;10;10005;26;9996.5;0.0
0;23200;BRONZE;1978;26;;;;;1981;26;;;;;1979.5;0.0
0;23200;SILVER;2030;26;;;;;2034;26;;;;;2032.0;0.0
0;23300;SILVER;2032;2;2031;22;;;2033;3;2034;22;;;2032.5;0.0
0;23300;GOLD;9995;22;;;;;10005;22;;;;;10000.0;0.0
0;23300;BRONZE;1981;22;;;;;1983;1;1984;22;;;1982.0;0.0
0;23400;BRONZE;1980;21;;;;;1983;21;;;;;1981.5;0.0
0;23400;SILVER;2030;21;;;;;2034;21;;;;;2032.0;0.0
0;23400;GOLD;9998;6;9995;21;;;10005;21;;;;;10001.5;0.0
0;23500;GOLD;9996;2;9995;26;;;10004;2;10005;26;;;10000.0;0.0
0;23500;BRONZE;1980;28;;;;;1983;2;1984;26;;;1981.5;0.0
0;23500;SILVER;2031;28;;;;;2034;28;;;;;2032.5;0.0
0;23600;GOLD;9995;21;;;;;10002;6;10005;21;;;9998.5;0.0
0;23600;BRONZE;1980;21;;;;;1982;2;1984;21;;;1981.0;0.0
0;23600;SILVER;2031;21;;;;;2033;2;2034;21;;;2032.0;0.0
0;23700;SILVER;2031;24;;;;;2034;24;;;;;2032.5;0.0
0;23700;GOLD;9995;24;;;;;10005;24;;;;;10000.0;0.0
0;23700;BRONZE;1980;24;;;;;1984;24;;;;;1982.0;0.0
0;23800;BRONZE;1983;23;;;;;1986;23;;;;;1984.5;0.0
0;23800;SILVER;2031;23;;;;;2034;23;;;;;2032.5;0.0
0;23800;GOLD;9996;2;9995;21;;;10004;2;10005;21;;;10000.0;0.0
0;23900;GOLD;9995;20;;;;;10005;20;;;;;10000.0;0.0
0;23900;BRONZE;1984;1;1982;20;;;1986;20;;;;;1985.0;0.0
0;23900;SILVER;2033;1;2031;20;;;2034;20;;;;;2033.5;0.0
0;24000;GOLD;9996;1;9995;22;;;10002;6;10004;1;10005;22;9999.0;0.0
0;24000;BRONZE;1983;23;;;;;1987;23;;;;;1985.0;0.0
0;24000;SILVER;2031;1;2030;22;;;2034;23;;;;;2032.5;0.0
0;24100;SILVER;2030;26;;;;;2032;5;2034;26;;;2031.0;0.0
0;24100;GOLD;9996;2;9995;24;;;10004;2;10005;24;;;10000.0;0.0
0;24100;BRONZE;1984;26;;;;;1986;5;1987;26;;;1985.0;0.0
0;24200;BRONZE;1986;1;1984;27;;;1987;27;;;;;1986.5;0.0
0;24200;SILVER;2032;1;2030;27;;;2034;27;;;;;2033.0;0.0
0;24200;GOLD;9998;4;9996;2;9995;25;10004;2;10005;25;;;10001.0;0.0
0;24300;GOLD;10002;6;9996;2;9995;21;10004;2;10005;21;;;10003.0;0.0
0;24300;BRONZE;1984;23;;;;;1987;23;;;;;1985.5;0.0
0;24300;SILVER;2030;23;;;;;2034;23;;;;;2032.0;0.0
0;24400;GOLD;9995;25;;;;;10005;25;;;;;10000.0;0.0
0;24400;BRONZE;1984;25;;;;;1987;25;;;;;1985.5;0.0
0;24400;SILVER;2030;25;;;;;2034;25;;;;;2032.0;0.0
0;24500;SILVER;2031;2;2030;21;;;2034;21;;;;;2032.5;0.0
0;24500;GOLD;9995;21;;;;;9998;2;10002;7;10005;21;9996.5;0.0
0;24500;BRONZE;1984;2;1983;21;;;1987;21;;;;;1985.5;0.0
0;24600;BRONZE;1982;27;;;;;1986;27;;;;;1984.0;0.0
0;24600;SILVER;2030;27;;;;;2034;27;;;;;2032.0;0.0
0;24600;GOLD;9996;1;9995;26;;;10004;1;10005;26;;;10000.0;0.0
0;24700;GOLD;9996;2;9995;20;;;10004;2;10005;20;;;10000.0;0.0
0;24700;BRONZE;1982;22;;;;;1985;2;1986;20;;;1983.5;0.0
0;24700;SILVER;2030;22;;;;;2034;22;;;;;2032.0;0.0
0;24800;GOLD;9996;2;9995;26;;;10004;2;10005;26;;;10000.0;0.0
0;24800;BRONZE;1983;28;;;;;1986;28;;;;;1984.5;0.0
0;24800;SILVER;2030;28;;;;;2034;28;;;;;2032.0;0.0
0;24900;SILVER;2030;30;;;;;2032;1;2034;30;;;2031.0;0.0
0;24900;GOLD;9998;5;9996;2;9995;28;10004;2;10005;28;;;10001.0;0.0
0;24900;BRONZE;1982;30;;;;;1984;1;1985;30;;;1983.0;0.0
0;25000;BRONZE;1980;35;;;;;1983;27;;;;;1981.5;0.0
0;25000;SILVER;2031;8;2030;27;;;2034;27;;;;;2032.5;0.0
0;25000;GOLD;9996;1;9995;26;;;10002;1;10004;1;10005;26;9999.0;0.0
0;25100;GOLD;9995;23;;;;;10005;23;;;;;10000.0;0.0
0;25100;BRONZE;1981;23;;;;;1984;23;;;;;1982.5;0.0
0;25100;SILVER;2030;23;;;;;2034;23;;;;;2032.0;0.0
0;25200;GOLD;9996;2;9995;24;;;10004;2;10005;24;;;10000.0;0.0
0;25200;BRONZE;1979;26;;;;;1980;1;1983;26;;;1979.5;0.0
0;25200;SILVER;2031;1;2030;24;;;2034;26;;;;;2032.5;0.0
0;25300;SILVER;2031;2;2030;24;;;2034;26;;;;;2032.5;0.0
0;25300;GOLD;9996;2;9995;24;;;10002;1;10004;2;10005;24;9999.0;0.0
0;25300;BRONZE;1978;2;1977;24;;;1981;26;;;;;1979.5;0.0
0;25400;BRONZE;1978;32;;;;;1981;32;;;;;1979.5;0.0
0;25400;SILVER;2030;32;;;;;2034;32;;;;;2032.0;0.0
0;25400;GOLD;9998;2;9996;2;9995;30;10004;2;10005;30;;;10001.0;0.0
0;25500;GOLD;9998;3;9996;2;9995;23;10004;2;10005;23;;;10001.0;0.0
0;25500;BRONZE;1977;25;;;;;1979;1;1980;2;1981;23;1978.0;0.0
0;25500;SILVER;2030;25;;;;;2032;1;2034;25;;;2031.0;0.0
0;25600;GOLD;9996;1;9995;30;;;10004;1;10005;30;;;10000.0;0.0
0;25600;BRONZE;1980;1;1978;1;1977;30;1981;31;;;;;1980.5;0.0
0;25600;SILVER;2033;1;2030;31;;;2034;31;;;;;2033.5;0.0
0;25700;SILVER;2031;1;2030;22;;;2032;4;2034;23;;;2031.5;0.0
0;25700;GOLD;9996;1;9995;22;;;10004;1;10005;22;;;10000.0;0.0
0;25700;BRONZE;1977;23;;;;;1979;4;1980;23;;;1978.0;0.0
0;25800;BRONZE;1981;2;1979;28;;;1982;28;;;;;1981.5;0.0
0;25800;SILVER;2032;2;2031;28;;;2034;28;;;;;2033.0;0.0
0;25800;GOLD;9996;1;9995;27;;;10004;1;10005;27;;;10000.0;0.0
0;25900;BRONZE;1978;28;;;;;1980;3;1982;28;;;1979.0;0.0
0;25900;SILVER;2030;28;;;;;2033;3;2034;28;;;2031.5;0.0
0;25900;GOLD;9995;28;;;;;10005;28;;;;;10000.0;0.0
0;26000;GOLD;9995;24;;;;;10002;7;10005;24;;;9998.5;0.0
0;26000;BRONZE;1976;24;;;;;1979;24;;;;;1977.5;0.0
0;26000;SILVER;2031;24;;;;;2034;24;;;;;2032.5;0.0
0;26100;SILVER;2031;25;;;;;2034;25;;;;;2032.5;0.0
0;26100;GOLD;9995;25;;;;;10002;7;10005;25;;;9998.5;0.0
0;26100;BRONZE;1976;25;;;;;1979;25;;;;;1977.5;0.0
0;26200;GOLD;9996;1;9995;25;;;10004;1;10005;25;;;10000.0;0.0
0;26200;BRONZE;1976;26;;;;;1980;26;;;;;1978.0;0.0
0;26200;SILVER;2031;26;;;;;2034;26;;;;;2032.5;0.0
0;26300;BRONZE;1979;2;1978;24;;;1982;24;;;;;1980.5;0.0
0;26300;SILVER;2031;26;;;;;2034;24;;;;;2032.5;0.0
0;26300;GOLD;9995;24;;;;;10005;24;;;;;10000.0;0.0
0;26400;BRONZE;1974;28;;;;;1977;29;;;;;1975.5;0.0
0;26400;GOLD;10002;3;9995;29;;;10005;29;;;;;10003.5;0.0
0;26400;SILVER;2031;28;;;;;2034;29;;;;;2032.5;0.0
0;26500;BRONZE;1981;1;1979;2;1978;24;1982;24;;;;;1981.5;0.0
0;26500;SILVER;2033;1;2031;26;;;2034;24;;;;;2033.5;0.0
0;26500;GOLD;9996;1;9995;23;;;10002;4;10004;1;10005;23;9999.0;0.0
0;26600;GOLD;10002;3;9998;1;9996;1;10004;1;10005;21;;;10003.0;0.0
0;26600;SILVER;2031;22;;;;;2034;22;;;;;2032.5;0.0
0;26600;BRONZE;1976;22;;;;;1979;22;;;;;1977.5;0.0
0;26700;BRONZE;1974;24;;;;;1976;4;1978;24;;;1975.0;0.0
0;26700;SILVER;2031;24;;;;;2032;4;2034;24;;;2031.5;0.0
0;26700;GOLD;9995;24;;;;;10000;6;10005;24;;;9997.5;0.0
0;26800;BRONZE;1970;24;;;;;1974;24;;;;;1972.0;0.0
0;26800;GOLD;9995;24;;;;;10005;24;;;;;10000.0;0.0
0;26800;SILVER;2031;24;;;;;2034;24;;;;;2032.5;0.0
0;26900;BRONZE;1968;27;;;;;1971;27;;;;;1969.5;0.0
0;26900;SILVER;2031;27;;;;;2034;27;;;;;2032.5;0.0
0;26900;GOLD;9995;27;;;;;9998;1;10002;5;10005;27;9996.5;0.0
0;27000;GOLD;9996;1;9995;30;;;10002;7;10004;1;10005;30;9999.0;0.0
0;27000;SILVER;2031;31;;;;;2034;31;;;;;2032.5;0.0
0;27000;BRONZE;1970;31;;;;;1974;31;;;;;1972.0;0.0
0;27100;BRONZE;1969;24;;;;;1972;2;1973;22;;;1970.5;0.0
0;27100;SILVER;2031;24;;;;;2034;24;;;;;2032.5;0.0
0;27100;GOLD;9996;2;9995;22;;;10002;7;10004;2;10005;22;9999.0;0.0
0;27200;BRONZE;1968;31;;;;;1971;31;;;;;1969.5;0.0
0;27200;GOLD;9998;2;9996;2;9995;29;10004;2;10005;29;;;10001.0;0.0
0;27200;SILVER;2031;31;;;;;2034;31;;;;;2032.5;0.0
0;27300;BRONZE;1969;5;1968;33;;;1971;27;;;;;1970.0;0.0
0;27300;SILVER;2032;5;2031;33;;;2034;27;;;;;2033.0;0.0
0;27300;GOLD;10000;5;9996;2;9995;25;10004;2;10005;25;;;10002.0;0.0
0;27400;GOLD;9996;1;9995;24;;;10004;1;10005;24;;;10000.0;0.0
0;27400;SILVER;2031;22;;;;;2034;25;;;;;2032.5;0.0
0;27400;BRONZE;1968;25;;;;;1969;3;1971;25;;;1968.5;0.0
0;27500;BRONZE;1967;26;;;;;1970;26;;;;;1968.5;0.0
0;27500;SILVER;2031;26;;;;;2034;26;;;;;2032.5;0.0
0;27500;GOLD;9996;2;9995;24;;;10002;10;10004;2;10005;24;9999.0;0.0
0;27600;BRONZE;1967;23;;;;;1970;23;;;;;1968.5;0.0
0;27600;GOLD;9996;1;9995;22;;;9998;1;10004;1;10005;22;9997.0;0.0
0;27600;SILVER;2031;23;;;;;2034;23;;;;;2032.5;0.0
0;27700;BRONZE;1970;3;1968;26;;;1971;26;;;;;1970.5;0.0
0;27700;SILVER;2033;3;2031;26;;;2034;26;;;;;2033.5;0.0
0;27700;GOLD;9996;2;9995;24;;;10004;2;10005;24;;;10000.0;0.0
0;27800;GOLD;9995;28;;;;;10005;28;;;;;10000.0;0.0
0;27800;SILVER;2031;28;;;;;2034;28;;;;;2032.5;0.0
0;27800;BRONZE;1969;28;;;;;1973;28;;;;;1971.0;0.0
0;27900;BRONZE;1970;33;;;;;1973;26;;;;;1971.5;0.0
0;27900;SILVER;2031;33;;;;;2034;26;;;;;2032.5;0.0
0;27900;GOLD;9996;1;9995;25;;;9998;4;10004;1;10005;25;9997.0;0.0
0;28000;BRONZE;1971;24;;;;;1974;24;;;;;1972.5;0.0
0;28000;GOLD;9995;24;;;;;10002;9;10005;24;;;9998.5;0.0
0;28000;SILVER;2031;24;;;;;2034;24;;;;;2032.5;0.0
0;28100;BRONZE;1971;23;;;;;1972;3;1974;22;;;1971.5;0.0
0;28100;SILVER;2031;20;;;;;2034;22;;;;;2032.5;0.0
0;28100;GOLD;9995;22;;;;;10005;22;;;;;10000.0;0.0
0;28200;GOLD;9996;1;9995;29;;;10004;1;10005;29;;;10000.0;0.0
0;28200;SILVER;2031;30;;;;;2034;30;;;;;2032.5;0.0
0;28200;BRONZE;1970;30;;;;;1973;1;1974;29;;;1971.5;0.0
0;28300;BRONZE;1971;24;;;;;1973;7;1974;1;1975;23;1972.0;0.0
0;28300;SILVER;2031;24;;;;;2033;7;2034;24;;;2032.0;0.0
0;28300;GOLD;9996;1;9995;23;;;10002;7;10004;1;10005;23;9999.0;0.0
0;28400;BRONZE;1971;21;;;;;1975;21;;;;;1973.0;0.0
0;28400;GOLD;9995;21;;;;;10002;9;10005;21;;;9998.5;0.0
0;28400;SILVER;2031;21;;;;;2034;21;;;;;2032.5;0.0
0;28500;BRONZE;1973;1;1971;1;1970;30;1974;31;;;;;1973.5;0.0
0;28500;SILVER;2033;1;2031;31;;;2034;31;;;;;2033.5;0.0
0;28500;GOLD;9996;1;9995;30;;;10004;1;10005;30;;;10000.0;0.0
0;28600;GOLD;9998;7;9996;2;9995;29;10004;2;10005;29;;;10001.0;0.0
0;28600;SILVER;2031;30;;;;;2033;7;2034;31;;;2032.0;0.0
0;28600;BRONZE;1971;30;;;;;1973;7;1974;31;;;1972.0;0.0
0;28700;SILVER;2031;33;;;;;2034;25;;;;;2032.5;0.0
0;28700;BRONZE;1971;33;;;;;1974;25;;;;;1972.5;0.0
0;28700;GOLD;9996;1;9995;24;;;10004;1;10005;24;;;10000.0;0.0
0;28800;SILVER;2031;22;;;;;2034;22;;;;;2032.5;0.0
0;28800;BRONZE;1970;22;;;;;1973;22;;;;;1971.5;0.0
0;28800;GOLD;9996;2;9995;20;;;10004;2;10005;20;;;10000.0;0.0
0;28900;BRONZE;1971;3;1970;22;;;1974;22;;;;;1972.5;0.0
0;28900;GOLD;9995;22;;;;;10005;22;;;;;10000.0;0.0
0;28900;SILVER;2031;25;;;;;2034;22;;;;;2032.5;0.0
0;29000;GOLD;9995;24;;;;;10005;24;;;;;10000.0;0.0
0;29000;SILVER;2031;24;;;;;2034;24;;;;;2032.5;0.0
0;29000;BRONZE;1970;24;;;;;1973;24;;;;;1971.5;0.0
0;29100;SILVER;2030;31;;;;;2032;6;2034;31;;;2031.0;0.0
0;29100;BRONZE;1971;31;;;;;1973;6;1974;31;;;1972.0;0.0
0;29100;GOLD;9998;9;9996;2;9995;29;10004;2;10005;29;;;10001.0;0.0
0;29200;SILVER;2030;20;;;;;2032;2;2034;20;;;2031.0;0.0
0;29200;BRONZE;1970;20;;;;;1971;2;1973;20;;;1970.5;0.0
0;29200;GOLD;9995;20;;;;;10002;3;10005;20;;;9998.5;0.0
0;29300;BRONZE;1972;24;;;;;1975;25;;;;;1973.5;0.0
0;29300;GOLD;9995;25;;;;;10005;25;;;;;10000.0;0.0
0;29300;SILVER;2030;25;;;;;2031;1;2034;25;;;2030.5;0.0
0;29400;GOLD;9996;1;9995;23;;;10004;1;10005;23;;;10000.0;0.0
0;29400;SILVER;2030;24;;;;;2033;1;2034;23;;;2031.5;0.0
0;29400;BRONZE;1970;24;;;;;1974;24;;;;;1972.0;0.0
0;29500;SILVER;2030;29;;;;;2033;24;;;;;2031.5;0.0
0;29500;BRONZE;1970;29;;;;;1973;24;;;;;1971.5;0.0
0;29500;GOLD;10002;1;9996;2;9995;22;10004;2;10005;22;;;10003.0;0.0
0;29600;SILVER;2030;20;;;;;2034;20;;;;;2032.0;0.0
0;29600;BRONZE;1970;20;;;;;1973;20;;;;;1971.5;0.0
0;29600;GOLD;9995;20;;;;;9998;1;10005;20;;;9996.5;0.0
0;29700;BRONZE;1970;27;;;;;1973;27;;;;;1971.5;0.0
0;29700;GOLD;9996;1;9995;26;;;10004;1;10005;26;;;10000.0;0.0
0;29700;SILVER;2030;27;;;;;2033;1;2034;26;;;2031.5;0.0
0;29800;GOLD;9998;7;9996;1;9995;29;10004;1;10005;29;;;10001.0;0.0
0;29800;SILVER;2030;30;;;;;2033;1;2034;29;;;2031.5;0.0
0;29800;BRONZE;1969;30;;;;;1972;30;;;;;1970.5;0.0
0;29900;SILVER;2030;27;;;;;2031;6;2034;27;;;2030.5;0.0
0;29900;BRONZE;1968;27;;;;;1970;6;1972;27;;;1969.0;0.0
0;29900;GOLD;9998;8;9996;1;9995;26;10000;2;10004;1;10005;26;9999.0;0.0
0;30000;SILVER;2032;1;2030;21;;;2034;21;;;;;2033.0;0.0
0;30000;BRONZE;1969;1;1967;21;;;1970;1;1971;20;;;1969.5;0.0
0;30000;GOLD;9996;1;9995;20;;;10002;7;10004;1;10005;20;9999.0;0.0
0;30100;BRONZE;1968;22;;;;;1970;1;1971;22;;;1969.0;0.0
0;30100;GOLD;9995;22;;;;;10000;5;10005;22;;;9997.5;0.0
0;30100;SILVER;2030;22;;;;;2032;1;2034;22;;;2031.0;0.0
0;30200;GOLD;9996;2;9995;22;;;10004;2;10005;22;;;10000.0;0.0
0;30200;SILVER;2030;24;;;;;2033;2;2034;22;;;2031.5;0.0
0;30200;BRONZE;1967;2;1966;22;;;1970;24;;;;;1968.5;0.0
0;30300;SILVER;2030;30;;;;;2032;2;2033;30;;;2031.0;0.0
0;30300;BRONZE;1968;30;;;;;1970;2;1971;30;;;1969.0;0.0
0;30300;GOLD;9996;2;9995;28;;;10002;7;10004;2;10005;28;9999.0;0.0
0;30400;SILVER;2030;23;;;;;2033;23;;;;;2031.5;0.0
0;30400;BRONZE;1966;23;;;;;1969;23;;;;;1967.5;0.0
0;30400;GOLD;9996;2;9995;21;;;10004;2;10005;21;;;10000.0;0.0
0;30500;GOLD;9996;1;9995;28;;;10004;1;10005;28;;;10000.0;0.0
0;30500;BRONZE;1962;29;;;;;1964;7;1965;29;;;1963.0;0.0
0;30500;SILVER;2030;29;;;;;2032;7;2033;29;;;2031.0;0.0
0;30600;GOLD;9995;30;;;;;10005;30;;;;;10000.0;0.0
0;30600;SILVER;2030;30;;;;;2032;8;2033;30;;;2031.0;0.0
0;30600;BRONZE;1964;30;;;;;1966;8;1967;30;;;1965.0;0.0
0;30700;SILVER;2030;22;;;;;2033;23;;;;;2031.5;0.0
0;30700;GOLD;9996;1;9995;22;;;10004;1;10005;22;;;10000.0;0.0
0;30700;BRONZE;1960;22;;;;;1963;23;;;;;1961.5;0.0
0;30800;BRONZE;1963;3;1962;29;;;1966;29;;;;;1964.5;0.0
0;30800;SILVER;2030;32;;;;;2033;29;;;;;2031.5;0.0
0;30800;GOLD;9995;29;;;;;10005;29;;;;;10000.0;0.0
0;30900;GOLD;9998;2;9995;23;;;10005;23;;;;;10001.5;0.0
0;30900;BRONZE;1962;6;1961;23;;;1965;23;;;;;1963.5;0.0
0;30900;SILVER;2030;29;;;;;2033;23;;;;;2031.5;0.0
0;31000;GOLD;9995;20;;;;;10005;20;;;;;10000.0;0.0
0;31000;BRONZE;1962;20;;;;;1966;20;;;;;1964.0;0.0
0;31000;SILVER;2030;20;;;;;2033;20;;;;;2031.5;0.0
0;31100;SILVER;2030;22;;;;;2033;22;;;;;2031.5;0.0
0;31100;GOLD;9996;1;9995;21;;;10004;1;10005;21;;;10000.0;0.0
0;31100;BRONZE;1961;22;;;;;1965;22;;;;;1963.0;0.0
0;31200;BRONZE;1963;28;;;;;1966;2;1967;27;;;1964.5;0.0
0;31200;SILVER;2030;28;;;;;2033;29;;;;;2031.5;0.0
0;31200;GOLD;9996;2;9995;27;;;10004;2;10005;27;;;10000.0;0.0
0;31300;GOLD;9995;30;;;;;10005;30;;;;;10000.0;0.0
0;31300;BRONZE;1963;30;;;;;1965;7;1966;30;;;1964.0;0.0
0;31300;SILVER;2030;30;;;;;2032;7;2033;30;;;2031.0;0.0
0;31400;GOLD;9996;2;9995;30;;;10004;2;10005;30;;;10000.0;0.0
0;31400;BRONZE;1962;37;;;;;1965;32;;;;;1963.5;0.0
0;31400;SILVER;2030;37;;;;;2033;32;;;;;2031.5;0.0
0;31500;SILVER;2030;22;;;;;2032;1;2033;23;;;2031.0;0.0
0;31500;GOLD;9995;23;;;;;10005;23;;;;;10000.0;0.0
0;31500;BRONZE;1964;22;;;;;1966;1;1968;23;;;1965.0;0.0
0;31600;BRONZE;1963;32;;;;;1967;32;;;;;1965.0;0.0
0;31600;SILVER;2030;32;;;;;2033;32;;;;;2031.5;0.0
0;31600;GOLD;9998;2;9996;2;9995;30;10004;2;10005;30;;;10001.0;0.0
0;31700;GOLD;9995;29;;;;;9998;4;10002;2;10005;29;9996.5;0.0
0;31700;BRONZE;1963;29;;;;;1966;29;;;;;1964.5;0.0
0;31700;SILVER;2030;29;;;;;2033;29;;;;;2031.5;0.0
0;31800;GOLD;9995;21;;;;;10005;21;;;;;10000.0;0.0
0;31800;BRONZE;1963;21;;;;;1966;21;;;;;1964.5;0.0
0;31800;SILVER;2030;21;;;;;2033;21;;;;;2031.5;0.0
0;31900;SILVER;2030;29;;;;;2033;29;;;;;2031.5;0.0
0;31900;GOLD;9998;9;9996;2;9995;27;10004;2;10005;27;;;10001.0;0.0
0;31900;BRONZE;1964;29;;;;;1968;29;;;;;1966.0;0.0
0;32000;BRONZE;1962;30;;;;;1963;4;1964;8;1965;30;1962.5;0.0
0;32000;SILVER;2030;30;;;;;2031;4;2032;8;2033;30;2030.5;0.0
0;32000;GOLD;9996;1;9995;29;;;10000;3;10004;1;10005;29;9998.0;0.0
0;32100;GOLD;9996;1;9995;30;;;10004;1;10005;30;;;10000.0;0.0
0;32100;BRONZE;1962;31;;;;;1964;6;1965;31;;;1963.0;0.0
0;32100;SILVER;2030;31;;;;;2032;6;2033;31;;;2031.0;0.0
0;32200;GOLD;9996;1;9995;25;;;10002;7;10004;1;10005;25;9999.0;0.0
0;32200;BRONZE;1963;1;1961;26;;;1964;26;;;;;1963.5;0.0
0;32200;SILVER;2032;1;2030;26;;;2033;26;;;;;2032.5;0.0
0;32300;SILVER;2030;26;;;;;2033;26;;;;;2031.5;0.0
0;32300;GOLD;9996;1;9995;25;;;10002;6;10004;1;10005;25;9999.0;0.0
0;32300;BRONZE;1959;26;;;;;1962;26;;;;;1960.5;0.0
0;32400;BRONZE;1958;29;;;;;1959;1;1962;29;;;1958.5;0.0
0;32400;SILVER;2029;29;;;;;2030;1;2033;29;;;2029.5;0.0
0;32400;GOLD;9996;2;9995;27;;;10002;1;10004;2;10005;27;9999.0;0.0
0;32500;GOLD;9996;2;9995;23;;;10004;2;10005;23;;;10000.0;0.0
0;32500;BRONZE;1961;1;1959;25;;;1962;25;;;;;1961.5;0.0
0;32500;SILVER;2032;1;2029;25;;;2033;25;;;;;2032.5;0.0
0;32600;GOLD;9995;30;;;;;10005;30;;;;;10000.0;0.0
0;32600;BRONZE;1958;30;;;;;1960;8;1962;30;;;1959.0;0.0
0;32600;SILVER;2029;30;;;;;2031;8;2033;30;;;2030.0;0.0
0;32700;SILVER;2029;27;;;;;2032;27;;;;;2030.5;0.0
0;32700;GOLD;10002;1;9996;1;9995;26;10004;1;10005;26;;;10003.0;0.0
0;32700;BRONZE;1958;27;;;;;1961;27;;;;;1959.5;0.0
0;32800;BRONZE;1957;18;;;;;1959;3;1960;23;;;1958.0;0.0
0;32800;SILVER;2029;23;;;;;2030;5;2031;3;2033;23;2029.5;0.0
0;32800;GOLD;9995;23;;;;;10005;23;;;;;10000.0;0.0
0;32900;GOLD;9996;1;9995;23;;;10002;1;10004;1;10005;23;9999.0;0.0
0;32900;BRONZE;1956;24;;;;;1958;6;1960;24;;;1957.0;0.0
0;32900;SILVER;2030;24;;;;;2032;6;2033;24;;;2031.0;0.0
0;33000;GOLD;10002;1;9996;1;9995;27;10004;1;10005;27;;;10003.0;0.0
0;33000;BRONZE;1956;28;;;;;1958;6;1959;28;;;1957.0;0.0
0;33000;SILVER;2030;28;;;;;2032;6;2033;28;;;2031.0;0.0
0;33100;SILVER;2030;24;;;;;2032;2;2033;24;;;2031.0;0.0
0;33100;GOLD;9995;24;;;;;10005;24;;;;;10000.0;0.0
0;33100;BRONZE;1955;24;;;;;1957;2;1958;24;;;1956.0;0.0
0;33200;BRONZE;1955;31;;;;;1958;25;;;;;1956.5;0.0
0;33200;SILVER;2030;31;;;;;2033;25;;;;;2031.5;0.0
0;33200;GOLD;9995;25;;;;;10002;9;10005;25;;;9998.5;0.0
0;33300;GOLD;9996;2;9995;24;;;10002;7;10004;2;10005;24;9999.0;0.0
0;33300;BRONZE;1954;26;;;;;1957;2;1958;24;;;1955.5;0.0
0;33300;SILVER;2030;26;;;;;2033;26;;;;;2031.5;0.0
0;33400;GOLD;9995;27;;;;;10005;27;;;;;10000.0;0.0
0;33400;BRONZE;1955;27;;;;;1957;6;1958;27;;;1956.0;0.0
0;33400;SILVER;2030;27;;;;;2032;6;2033;27;;;2031.0;0.0
0;33500;SILVER;2030;25;;;;;2032;8;2033;25;;;2031.0;0.0
0;33500;GOLD;9998;10;9995;25;;;10005;25;;;;;10001.5;0.0
0;33500;BRONZE;1955;25;;;;;1956;8;1958;25;;;1955.5;0.0
0;33600;BRONZE;1955;26;;;;;1958;27;;;;;1956.5;0.0
0;33600;SILVER;2030;26;;;;;2033;27;;;;;2031.5;0.0
0;33600;GOLD;9995;27;;;;;10005;27;;;;;10000.0;0.0
0;33700;GOLD;9998;7;9996;1;9995;22;10004;1;10005;22;;;10001.0;0.0
0;33700;BRONZE;1957;28;;;;;1960;23;;;;;1958.5;0.0
0;33700;SILVER;2030;28;;;;;2033;23;;;;;2031.5;0.0
0;33800;GOLD;10002;1;9995;26;;;10005;26;;;;;10003.5;0.0
0;33800;BRONZE;1957;26;;;;;1960;26;;;;;1958.5;0.0
0;33800;SILVER;2029;26;;;;;2033;26;;;;;2031.0;0.0
0;33900;SILVER;2030;8;2029;24;;;2033;24;;;;;2031.5;0.0
0;33900;GOLD;9995;24;;;;;10005;24;;;;;10000.0;0.0
0;33900;BRONZE;1956;32;;;;;1959;24;;;;;1957.5;0.0
0;34000;BRONZE;1957;7;1956;24;;;1960;25;;;;;1958.5;0.0
0;34000;SILVER;2030;6;2029;25;;;2033;25;;;;;2031.5;0.0
0;34000;GOLD;10002;1;9996;1;9995;24;10004;1;10005;24;;;10003.0;0.0
0;34100;GOLD;9996;1;9995;26;;;10004;1;10005;26;;;10000.0;0.0
0;34100;BRONZE;1957;27;;;;;1960;27;;;;;1958.5;0.0
0;34100;SILVER;2029;27;;;;;2033;27;;;;;2031.0;0.0
0;34200;GOLD;9996;1;9995;26;;;10004;1;10005;26;;;10000.0;0.0
0;34200;BRONZE;1957;28;;;;;1960;27;;;;;1958.5;0.0
0;34200;SILVER;2030;1;2029;27;;;2033;27;;;;;2031.5;0.0
0;34300;SILVER;2030;1;2029;20;;;2033;22;;;;;2031.5;0.0
0;34300;GOLD;9996;2;9995;20;;;10004;2;10005;20;;;10000.0;0.0
0;34300;BRONZE;1957;21;;;;;1960;22;;;;;1958.5;0.0
0;34400;BRONZE;1957;24;;;;;1960;25;;;;;1958.5;0.0
0;34400;SILVER;2030;24;;;;;2033;25;;;;;2031.5;0.0
0;34400;GOLD;9996;2;9995;23;;;10004;2;10005;23;;;10000.0;0.0
0;34500;GOLD;9995;25;;;;;10002;2;10005;25;;;9998.5;0.0
0;34500;BRONZE;1956;25;;;;;1958;6;1960;25;;;1957.0;0.0
0;34500;SILVER;2030;25;;;;;2032;6;2033;25;;;2031.0;0.0
0;34600;GOLD;9995;22;;;;;10005;22;;;;;10000.0;0.0
0;34600;BRONZE;1957;22;;;;;1959;2;1960;22;;;1958.0;0.0
0;34600;SILVER;2030;22;;;;;2032;2;2033;22;;;2031.0;0.0
0;34700;SILVER;2029;29;;;;;2033;29;;;;;2031.0;0.0
0;34700;GOLD;9995;29;;;;;9998;5;10005;29;;;9996.5;0.0
0;34700;BRONZE;1958;29;;;;;1962;29;;;;;1960.0;0.0
0;34800;GOLD;10002;1;10000;2;9995;24;10005;24;;;;;10003.5;0.0
0;34800;BRONZE;1959;2;1958;24;;;1962;24;;;;;1960.5;0.0
0;34800;SILVER;2031;2;2029;24;;;2033;24;;;;;2032.0;0.0
0;34900;BRONZE;1959;23;;;;;1962;24;;;;;1960.5;0.0
0;34900;SILVER;2029;24;;;;;2030;1;2033;24;;;2029.5;0.0
0;34900;GOLD;9996;2;9995;22;;;10004;2;10005;22;;;10000.0;0.0
0;35000;GOLD;9996;2;9995;20;;;10002;10;10004;2;10005;20;9999.0;0.0
0;35000;BRONZE;1959;25;;;;;1962;22;;;;;1960.5;0.0
0;35000;SILVER;2030;3;2029;22;;;2033;22;;;;;2031.5;0.0
0;35100;SILVER;2030;27;;;;;2033;26;;;;;2031.5;0.0
0;35100;GOLD;9996;1;9995;25;;;10004;1;10005;25;;;10000.0;0.0
0;35100;BRONZE;1958;2;1957;25;;;1961;26;;;;;1959.5;0.0
0;35200;GOLD;9995;24;;;;;10005;24;;;;;10000.0;0.0
0;35200;BRONZE;1958;23;;;;;1960;5;1961;24;;;1959.0;0.0
0;35200;SILVER;2030;23;;;;;2032;5;2033;24;;;2031.0;0.0
0;35300;BRONZE;1959;24;;;;;1963;24;;;;;1961.0;0.0
0;35300;SILVER;2030;24;;;;;2034;24;;;;;2032.0;0.0
0;35300;GOLD;9998;9;9995;24;;;10005;24;;;;;10001.5;0.0
0;35400;BRONZE;1957;22;;;;;1959;7;1960;22;;;1958.0;0.0
0;35400;GOLD;9995;22;;;;;10005;22;;;;;10000.0;0.0
0;35400;SILVER;2030;22;;;;;2032;7;2033;22;;;2031.0;0.0
0;35500;BRONZE;1957;25;;;;;1958;1;1961;25;;;1957.5;0.0
0;35500;SILVER;2030;24;;;;;2034;25;;;;;2032.0;0.0
0;35500;GOLD;10002;5;9995;25;;;10005;25;;;;;10003.5;0.0
0;35600;GOLD;9998;10;9996;1;9995;26;10004;1;10005;26;;;10001.0;0.0
0;35600;SILVER;2030;26;;;;;2033;1;2034;26;;;2031.5;0.0
0;35600;BRONZE;1957;26;;;;;1960;27;;;;;1958.5;0.0
0;35700;BRONZE;1956;27;;;;;1960;27;;;;;1958.0;0.0
0;35700;SILVER;2030;27;;;;;2033;1;2034;26;;;2031.5;0.0
0;35700;GOLD;10002;1;9996;1;9995;26;10004;1;10005;26;;;10003.0;0.0
0;35800;BRONZE;1957;30;;;;;1960;30;;;;;1958.5;0.0
0;35800;GOLD;9996;2;9995;28;;;10004;2;10005;28;;;10000.0;0.0
0;35800;SILVER;2030;30;;;;;2033;2;2034;28;;;2031.5;0.0
0;35900;BRONZE;1958;30;;;;;1960;6;1961;30;;;1959.0;0.0
0;35900;SILVER;2030;30;;;;;2032;6;2034;30;;;2031.0;0.0
0;35900;GOLD;9996;1;9995;29;;;10002;3;10004;1;10005;29;9999.0;0.0
0;36000;GOLD;9995;28;;;;;9998;1;10005;28;;;9996.5;0.0
0;36000;SILVER;2030;28;;;;;2034;28;;;;;2032.0;0.0
0;36000;BRONZE;1957;28;;;;;1961;28;;;;;1959.0;0.0
0;36100;BRONZE;1957;26;;;;;1960;26;;;;;1958.5;0.0
0;36100;SILVER;2030;26;;;;;2033;26;;;;;2031.5;0.0
0;36100;GOLD;9995;26;;;;;9998;4;10005;26;;;9996.5;0.0
0;36200;BRONZE;1955;31;;;;;1958;30;;;;;1956.5;0.0
0;36200;GOLD;9996;1;9995;29;;;10002;3;10004;1;10005;29;9999.0;0.0
0;36200;SILVER;2030;31;;;;;2033;30;;;;;2031.5;0.0
0;36300;BRONZE;1956;22;;;;;1957;1;1960;22;;;1956.5;0.0
0;36300;SILVER;2030;21;;;;;2033;22;;;;;2031.5;0.0
0;36300;GOLD;9995;22;;;;;9998;1;10005;22;;;9996.5;0.0
0;36400;GOLD;9996;1;9995;27;;;10002;5;10004;1;10005;27;9999.0;0.0
0;36400;SILVER;2030;28;;;;;2032;1;2033;28;;;2031.0;0.0
0;36400;BRONZE;1959;28;;;;;1961;1;1962;1;1963;27;1960.0;0.0
0;36500;BRONZE;1958;27;;;;;1961;27;;;;;1959.5;0.0
0;36500;SILVER;2029;27;;;;;2033;27;;;;;2031.0;0.0
0;36500;GOLD;9996;1;9995;26;;;10002;10;10004;1;10005;26;9999.0;0.0
0;36600;BRONZE;1958;21;;;;;1961;21;;;;;1959.5;0.0
0;36600;GOLD;10002;4;9998;1;9995;21;10005;21;;;;;10003.5;0.0
0;36600;SILVER;2029;21;;;;;2033;21;;;;;2031.0;0.0
0;36700;BRONZE;1957;30;;;;;1958;1;1961;30;;;1957.5;0.0
0;36700;SILVER;2030;29;;;;;2033;30;;;;;2031.5;0.0
0;36700;GOLD;10002;1;9995;30;;;10005;30;;;;;10003.5;0.0
0;36800;GOLD;10002;1;9996;1;9995;26;10004;1;10005;26;;;10003.0;0.0
0;36800;SILVER;2031;3;2030;27;;;2033;27;;;;;2032.0;0.0
0;36800;BRONZE;1961;3;1959;27;;;1962;27;;;;;1961.5;0.0
0;36900;BRONZE;1959;31;;;;;1962;2;1963;29;;;1960.5;0.0
0;36900;SILVER;2029;31;;;;;2033;31;;;;;2031.0;0.0
0;36900;GOLD;9996;2;9995;29;;;10002;3;10004;2;10005;29;9999.0;0.0
0;37000;BRONZE;1961;3;1960;23;;;1964;23;;;;;1962.5;0.0
0;37000;GOLD;9998;4;9995;23;;;10005;23;;;;;10001.5;0.0
0;37000;SILVER;2030;3;2029;23;;;2033;23;;;;;2031.5;0.0
0;37100;BRONZE;1963;1;1961;24;;;1964;24;;;;;1963.5;0.0
0;37100;SILVER;2032;1;2029;24;;;2033;24;;;;;2032.5;0.0
0;37100;GOLD;9996;1;9995;23;;;10004;1;10005;23;;;10000.0;0.0
0;37200;GOLD;9998;2;9995;22;;;10005;22;;;;;10001.5;0.0
0;37200;SILVER;2029;22;;;;;2033;22;;;;;2031.0;0.0
0;37200;BRONZE;1960;22;;;;;1964;22;;;;;1962.0;0.0
0;37300;BRONZE;1957;27;;;;;1960;27;;;;;1958.5;0.0
0;37300;SILVER;2029;27;;;;;2033;27;;;;;2031.0;0.0
0;37300;GOLD;10002;5;9995;27;;;10005;27;;;;;10003.5;0.0
0;37400;BRONZE;1958;23;;;;;1961;23;;;;;1959.5;0.0
0;37400;GOLD;9996;1;9995;22;;;10004;1;10005;22;;;10000.0;0.0
0;37400;SILVER;2029;23;;;;;2033;23;;;;;2031.0;0.0
0;37500;BRONZE;1958;1;1957;8;1956;29;1960;29;;;;;1959.0;0.0
0;37500;GOLD;10002;1;9998;2;9995;29;10005;29;;;;;10003.5;0.0
0;37500;SILVER;2032;1;2030;37;;;2033;29;;;;;2032.5;0.0
0;37600;GOLD;9996;2;9995;24;;;10004;2;10005;24;;;10000.0;0.0
0;37600;SILVER;2029;26;;;;;2033;26;;;;;2031.0;0.0
0;37600;BRONZE;1957;26;;;;;1960;2;1961;24;;;1958.5;0.0
0;37700;SILVER;2032;1;2030;1;2029;28;2033;29;;;;;2032.5;0.0
0;37700;BRONZE;1959;1;1957;29;;;1960;29;;;;;1959.5;0.0
0;37700;GOLD;9996;1;9995;28;;;10004;1;10005;28;;;10000.0;0.0
0;37800;SILVER;2030;8;2029;27;;;2033;29;;;;;2031.5;0.0
0;37800;BRONZE;1957;35;;;;;1960;29;;;;;1958.5;0.0
0;37800;GOLD;9996;2;9995;27;;;10004;2;10005;27;;;10000.0;0.0
0;37900;BRONZE;1957;20;;;;;1958;3;1960;29;;;1957.5;0.0
0;37900;GOLD;9996;2;9995;27;;;10000;3;10004;2;10005;27;9998.0;0.0
0;37900;SILVER;2030;20;;;;;2031;3;2033;29;;;2030.5;0.0
0;38000;GOLD;9995;25;;;;;10002;5;10005;25;;;9998.5;0.0
0;38000;SILVER;2030;29;;;;;2033;25;;;;;2031.5;0.0
0;38000;BRONZE;1957;4;1956;25;;;1960;25;;;;;1958.5;0.0
0;38100;SILVER;2030;27;;;;;2033;28;;;;;2031.5;0.0
0;38100;BRONZE;1955;27;;;;;1958;28;;;;;1956.5;0.0
0;38100;GOLD;9995;28;;;;;10005;28;;;;;10000.0;0.0
0;38200;SILVER;2030;23;;;;;2033;23;;;;;2031.5;0.0
0;38200;BRONZE;1955;23;;;;;1959;23;;;;;1957.0;0.0
0;38200;GOLD;9995;23;;;;;9998;2;10005;23;;;9996.5;0.0
0;38300;BRONZE;1955;27;;;;;1958;27;;;;;1956.5;0.0
0;38300;GOLD;9996;1;9995;26;;;10004;1;10005;26;;;10000.0;0.0
0;38300;SILVER;2030;27;;;;;2033;27;;;;;2031.5;0.0
0;38400;GOLD;10002;1;9995;21;;;10005;21;;;;;10003.5;0.0
0;38400;SILVER;2030;20;;;;;2033;21;;;;;2031.5;0.0
0;38400;BRONZE;1957;20;;;;;1960;21;;;;;1958.5;0.0
0;38500;SILVER;2032;1;2030;29;;;2033;25;;;;;2032.5;0.0
0;38500;BRONZE;1958;1;1956;29;;;1959;25;;;;;1958.5;0.0
0;38500;GOLD;10002;1;9996;2;9995;23;10004;2;10005;23;;;10003.0;0.0
0;38600;SILVER;2030;27;;;;;2033;27;;;;;2031.5;0.0
0;38600;BRONZE;1955;27;;;;;1959;27;;;;;1957.0;0.0
0;38600;GOLD;10002;5;9995;27;;;10005;27;;;;;10003.5;0.0
0;38700;BRONZE;1957;4;1955;30;;;1958;1;1959;29;;;1957.5;0.0
0;38700;GOLD;9996;1;9995;29;;;10004;1;10005;29;;;10000.0;0.0
0;38700;SILVER;2032;4;2030;30;;;2033;30;;;;;2032.5;0.0
0;38800;GOLD;9995;27;;;;;10005;27;;;;;10000.0;0.0
0;38800;SILVER;2032;4;2030;27;;;2033;27;;;;;2032.5;0.0
0;38800;BRONZE;1958;4;1956;27;;;1960;27;;;;;1959.0;0.0
0;38900;SILVER;2030;26;;;;;2032;7;2033;26;;;2031.0;0.0
0;38900;BRONZE;1958;26;;;;;1960;7;1961;26;;;1959.0;0.0
0;38900;GOLD;9996;1;9995;25;;;10004;1;10005;25;;;10000.0;0.0
0;39000;SILVER;2030;29;;;;;2033;29;;;;;2031.5;0.0
0;39000;BRONZE;1957;29;;;;;1960;29;;;;;1958.5;0.0
0;39000;GOLD;9995;29;;;;;10005;29;;;;;10000.0;0.0
0;39100;BRONZE;1958;30;;;;;1959;6;1961;30;;;1958.5;0.0
0;39100;GOLD;9996;1;9995;29;;;10002;10;10004;1;10005;29;9999.0;0.0
0;39100;SILVER;2030;30;;;;;2032;6;2033;30;;;2031.0;0.0
0;39200;GOLD;9995;24;;;;;10005;24;;;;;10000.0;0.0
0;39200;SILVER;2032;1;2030;24;;;2033;24;;;;;2032.5;0.0
0;39200;BRONZE;1960;1;1957;24;;;1961;24;;;;;1960.5;0.0
0;39300;SILVER;2030;27;;;;;2033;27;;;;;2031.5;0.0
0;39300;GOLD;9998;3;9996;1;9995;26;10004;1;10005;26;;;10001.0;0.0
0;39300;BRONZE;1957;27;;;;;1960;27;;;;;1958.5;0.0
0;39400;SILVER;2029;29;;;;;2032;2;2033;27;;;2030.5;0.0
0;39400;BRONZE;1958;29;;;;;1961;29;;;;;1959.5;0.0
0;39400;GOLD;9996;2;9995;27;;;10004;2;10005;27;;;10000.0;0.0
0;39500;GOLD;9996;2;9995;20;;;10004;2;10005;20;;;10000.0;0.0
0;39500;BRONZE;1956;22;;;;;1960;22;;;;;1958.0;0.0
0;39500;SILVER;2029;22;;;;;2033;22;;;;;2031.0;0.0
0;39600;GOLD;9995;22;;;;;10005;22;;;;;10000.0;0.0
0;39600;SILVER;2029;22;;;;;2033;22;;;;;2031.0;0.0
0;39600;BRONZE;1957;22;;;;;1960;22;;;;;1958.5;0.0
0;39700;SILVER;2029;20;;;;;2033;20;;;;;2031.0;0.0
0;39700;GOLD;9995;20;;;;;10005;20;;;;;10000.0;0.0
0;39700;BRONZE;1957;20;;;;;1961;20;;;;;1959.0;0.0
0;39800;BRONZE;1957;31;;;;;1960;31;;;;;1958.5;0.0
0;39800;SILVER;2029;31;;;;;2032;31;;;;;2030.5;0.0
0;39800;GOLD;9996;1;9995;30;;;10002;3;10004;1;10005;30;9999.0;0.0
0;39900;GOLD;9998;1;9996;2;9995;30;10004;2;10005;30;;;10001.0;0.0
0;39900;BRONZE;1957;32;;;;;1960;32;;;;;1958.5;0.0
0;39900;SILVER;2029;2;2028;30;;;2032;32;;;;;2030.5;0.0
0;40000;GOLD;9998;9;9996;1;9995;30;10004;1;10005;30;;;10001.0;0.0
0;40000;BRONZE;1956;31;;;;;1959;31;;;;;1957.5;0.0
0;40000;SILVER;2029;1;2028;30;;;2032;31;;;;;2030.5;0.0
0;40100;SILVER;2028;27;;;;;2032;27;;;;;2030.0;0.0
0;40100;GOLD;10002;1;9995;27;;;10005;27;;;;;10003.5;0.0
0;40100;BRONZE;1954;27;;;;;1957;27;;;;;1955.5;0.0
0;40200;BRONZE;1953;23;;;;;1956;23;;;;;1954.5;0.0
0;40200;SILVER;2029;1;2028;22;;;2032;23;;;;;2030.5;0.0
0;40200;GOLD;9996;1;9995;22;;;10002;7;10004;1;10005;22;9999.0;0.0
0;40300;GOLD;9996;1;9995;24;;;10000;4;10004;1;10005;24;9998.0;0.0
0;40300;BRONZE;1954;3;1953;24;;;1955;4;1957;25;;;1954.5;0.0
0;40300;SILVER;2028;25;;;;;2029;2;2032;25;;;2028.5;0.0
0;40400;GOLD;9996;1;9995;20;;;10002;10;10004;1;10005;20;9999.0;0.0
0;40400;BRONZE;1950;21;;;;;1954;21;;;;;1952.0;0.0
0;40400;SILVER;2029;1;2028;20;;;2032;21;;;;;2030.5;0.0
0;40500;SILVER;2029;24;;;;;2032;24;;;;;2030.5;0.0
0;40500;GOLD;9995;24;;;;;10005;24;;;;;10000.0;0.0
0;40500;BRONZE;1949;24;;;;;1952;24;;;;;1950.5;0.0
0;40600;BRONZE;1947;26;;;;;1950;26;;;;;1948.5;0.0
0;40600;SILVER;2029;26;;;;;2032;26;;;;;2030.5;0.0
0;40600;GOLD;9996;2;9995;24;;;9998;7;10004;2;10005;24;9997.0;0.0
0;40700;GOLD;9996;2;9995;24;;;10004;2;10005;24;;;10000.0;0.0
0;40700;BRONZE;1947;26;;;;;1950;2;1951;24;;;1948.5;0.0
0;40700;SILVER;2029;26;;;;;2032;26;;;;;2030.5;0.0
0;40800;GOLD;9995;29;;;;;10005;29;;;;;10000.0;0.0
0;40800;BRONZE;1947;29;;;;;1950;29;;;;;1948.5;0.0
0;40800;SILVER;2029;29;;;;;2032;29;;;;;2030.5;0.0
0;40900;SILVER;2028;22;;;;;2032;22;;;;;2030.0;0.0
0;40900;GOLD;9995;22;;;;;10005;22;;;;;10000.0;0.0
0;40900;BRONZE;1947;22;;;;;1950;22;;;;;1948.5;0.0
0;41000;BRONZE;1945;22;;;;;1948;22;;;;;1946.5;0.0
0;41000;SILVER;2029;22;;;;;2032;22;;;;;2030.5;0.0
0;41000;GOLD;9998;5;9995;22;;;10005;22;;;;;10001.5;0.0
0;41100;GOLD;9996;1;9995;22;;;10004;1;10005;22;;;10000.0;0.0
0;41100;BRONZE;1941;23;;;;;1945;23;;;;;1943.0;0.0
0;41100;SILVER;2029;23;;;;;2032;23;;;;;2030.5;0.0
0;41200;GOLD;9996;1;9995;25;;;9998;8;10004;1;10005;25;9997.0;0.0
0;41200;BRONZE;1944;3;1943;1;1942;25;1946;26;;;;;1945.0;0.0
0;41200;SILVER;2031;3;2029;26;;;2032;26;;;;;2031.5;0.0
0;41300;SILVER;2029;21;;;;;2030;6;2032;1;2033;20;2029.5;0.0
0;41300;GOLD;9996;1;9995;20;;;10000;6;10002;2;10004;1;9998.0;0.0
0;41300;BRONZE;1943;1;1942;20;;;1944;6;1946;21;;;1943.5;0.0
0;41400;BRONZE;1938;22;;;;;1941;23;;;;;1939.5;0.0
0;41400;SILVER;2029;22;;;;;2033;23;;;;;2031.0;0.0
0;41400;GOLD;9995;23;;;;;10005;23;;;;;10000.0;0.0
0;41500;GOLD;9998;5;9995;30;;;10005;30;;;;;10001.5;0.0
0;41500;BRONZE;1941;30;;;;;1942;2;1944;30;;;1941.5;0.0
0;41500;SILVER;2029;30;;;;;2030;2;2033;30;;;2029.5;0.0
0;41600;GOLD;9996;1;9995;27;;;9998;5;10004;1;10005;27;9997.0;0.0
0;41600;BRONZE;1940;28;;;;;1943;28;;;;;1941.5;0.0
0;41600;SILVER;2029;28;;;;;2032;28;;;;;2030.5;0.0
0;41700;SILVER;2029;20;;;;;2032;20;;;;;2030.5;0.0
0;41700;GOLD;9995;20;;;;;10005;20;;;;;10000.0;0.0
0;41700;BRONZE;1942;20;;;;;1945;20;;;;;1943.5;0.0
0;41800;BRONZE;1944;35;;;;;1947;30;;;;;1945.5;0.0
0;41800;SILVER;2029;35;;;;;2032;30;;;;;2030.5;0.0
0;41800;GOLD;9996;2;9995;28;;;10002;3;10004;2;10005;28;9999.0;0.0
0;41900;GOLD;9998;4;9996;2;9995;28;10004;2;10005;28;;;10001.0;0.0
0;41900;BRONZE;1943;30;;;;;1944;2;1945;7;1946;2;1943.5;0.0
0;41900;SILVER;2028;30;;;;;2029;2;2030;7;2032;30;2028.5;0.0
0;42000;GOLD;9996;2;9995;28;;;10004;2;10005;28;;;10000.0;0.0
0;42000;BRONZE;1945;30;;;;;1948;2;1949;28;;;1946.5;0.0
0;42000;SILVER;2029;2;2028;28;;;2032;30;;;;;2030.5;0.0
0;42100;SILVER;2029;24;;;;;2031;3;2032;24;;;2030.0;0.0
0;42100;GOLD;9995;24;;;;;10005;24;;;;;10000.0;0.0
0;42100;BRONZE;1947;24;;;;;1949;3;1951;24;;;1948.0;0.0
0;42200;BRONZE;1949;29;;;;;1952;26;;;;;1950.5;0.0
0;42200;SILVER;2029;29;;;;;2032;26;;;;;2030.5;0.0
0;42200;GOLD;9995;26;;;;;10002;4;10005;26;;;9998.5;0.0
0;42300;GOLD;10000;4;9995;24;;;10005;24;;;;;10002.5;0.0
0;42300;BRONZE;1944;24;;;;;1946;2;1948;24;;;1945.0;0.0
0;42300;SILVER;2029;4;2028;24;;;2030;6;2032;24;;;2029.5;0.0
0;42400;GOLD;9996;1;9995;24;;;9998;5;10004;1;10005;24;9997.0;0.0
0;42400;BRONZE;1949;7;1947;25;;;1950;25;;;;;1949.5;0.0
0;42400;SILVER;2030;7;2028;25;;;2031;25;;;;;2030.5;0.0
0;42500;SILVER;2028;23;;;;;2030;8;2031;24;;;2029.0;0.0
0;42500;GOLD;9996;2;9995;22;;;10004;2;10005;22;;;10000.0;0.0
0;42500;BRONZE;1946;23;;;;;1948;8;1949;24;;;1947.0;0.0
0;42600;BRONZE;1947;25;;;;;1949;2;1950;25;;;1948.0;0.0
0;42600;SILVER;2028;25;;;;;2030;2;2031;25;;;2029.0;0.0
0;42600;GOLD;9995;25;;;;;10002;10;10005;25;;;9998.5;0.0
0;42700;GOLD;9996;2;9995;20;;;10004;2;10005;20;;;10000.0;0.0
0;42700;BRONZE;1949;21;;;;;1952;22;;;;;1950.5;0.0
0;42700;SILVER;2028;21;;;;;2031;22;;;;;2029.5;0.0
0;42800;GOLD;9995;23;;;;;10005;23;;;;;10000.0;0.0
0;42800;BRONZE;1948;23;;;;;1952;23;;;;;1950.0;0.0
0;42800;SILVER;2028;23;;;;;2031;23;;;;;2029.5;0.0
0;42900;SILVER;2028;22;;;;;2030;7;2031;22;;;2029.0;0.0
0;42900;GOLD;9995;22;;;;;10005;22;;;;;10000.0;0.0
0;42900;BRONZE;1948;22;;;;;1950;7;1951;22;;;1949.0;0.0
0;43000;BRONZE;1950;25;;;;;1953;25;;;;;1951.5;0.0
0;43000;SILVER;2028;25;;;;;2031;25;;;;;2029.5;0.0
0;43000;GOLD;10002;7;9996;1;9995;24;10004;1;10005;24;;;10003.0;0.0
0;43100;GOLD;9996;2;9995;23;;;10002;3;10004;2;10005;23;9999.0;0.0
0;43100;BRONZE;1948;25;;;;;1951;25;;;;;1949.5;0.0
0;43100;SILVER;2028;2;2027;23;;;2031;25;;;;;2029.5;0.0
0;43200;GOLD;9996;1;9995;27;;;10000;1;10004;1;10005;27;9998.0;0.0
0;43200;BRONZE;1948;28;;;;;1949;2;1952;28;;;1948.5;0.0
0;43200;SILVER;2028;28;;;;;2029;2;2031;28;;;2028.5;0.0
0;43300;SILVER;2028;20;;;;;2031;20;;;;;2029.5;0.0
0;43300;GOLD;9995;20;;;;;10005;20;;;;;10000.0;0.0
0;43300;BRONZE;1947;20;;;;;1951;20;;;;;1949.0;0.0
0;43400;BRONZE;1947;28;;;;;1951;29;;;;;1949.0;0.0
0;43400;SILVER;2028;29;;;;;2029;1;2032;29;;;2028.5;0.0
0;43400;GOLD;9996;2;9995;27;;;10002;8;10004;2;10005;27;9999.0;0.0
0;43500;GOLD;9996;1;9995;23;;;10002;10;10004;1;10005;23;9999.0;0.0
0;43500;BRONZE;1947;24;;;;;1951;24;;;;;1949.0;0.0
0;43500;SILVER;2028;24;;;;;2031;1;2032;23;;;2029.5;0.0
0;43600;GOLD;9995;21;;;;;10002;1;10005;21;;;9998.5;0.0
0;43600;BRONZE;1947;21;;;;;1949;8;1950;21;;;1948.0;0.0
0;43600;SILVER;2028;21;;;;;2030;8;2032;21;;;2029.0;0.0
0;43700;SILVER;2028;36;;;;;2031;28;;;;;2029.5;0.0
0;43700;GOLD;9996;2;9995;26;;;10004;2;10005;26;;;10000.0;0.0
0;43700;BRONZE;1947;36;;;;;1950;28;;;;;1948.5;0.0
0;43800;GOLD;9995;25;;;;;9998;1;10005;25;;;9996.5;0.0
0;43800;BRONZE;1946;25;;;;;1949;25;;;;;1947.5;0.0
0;43800;SILVER;2027;25;;;;;2031;25;;;;;2029.0;0.0
0;43900;BRONZE;1946;34;;;;;1949;28;;;;;1947.5;0.0
0;43900;SILVER;2028;34;;;;;2031;28;;;;;2029.5;0.0
0;43900;GOLD;9995;28;;;;;10005;28;;;;;10000.0;0.0
0;44000;GOLD;10002;4;9996;1;9995;25;10004;1;10005;25;;;10003.0;0.0
0;44000;BRONZE;1946;26;;;;;1949;26;;;;;1947.5;0.0
0;44000;SILVER;2028;26;;;;;2031;26;;;;;2029.5;0.0
0;44100;BRONZE;1948;29;;;;;1951;30;;;;;1949.5;0.0
0;44100;SILVER;2028;29;;;;;2031;30;;;;;2029.5;0.0
0;44100;GOLD;9996;2;9995;28;;;10004;2;10005;28;;;10000.0;0.0
0;44200;GOLD;9998;4;9996;2;9995;20;10004;2;10005;20;;;10001.0;0.0
0;44200;SILVER;2028;22;;;;;2031;22;;;;;2029.5;0.0
0;44200;BRONZE;1946;22;;;;;1949;2;1950;20;;;1947.5;0.0
0;44300;BRONZE;1949;32;;;;;1952;25;;;;;1950.5;0.0
0;44300;SILVER;2028;32;;;;;2031;25;;;;;2029.5;0.0
0;44300;GOLD;9996;1;9995;24;;;10004;1;10005;24;;;10000.0;0.0
0;44400;BRONZE;1947;31;;;;;1950;30;;;;;1948.5;0.0
0;44400;GOLD;9996;1;9995;29;;;10004;1;10005;29;;;10000.0;0.0
0;44400;SILVER;2028;31;;;;;2031;30;;;;;2029.5;0.0
0;44500;BRONZE;1947;27;;;;;1950;27;;;;;1948.5;0.0
0;44500;SILVER;2028;27;;;;;2031;27;;;;;2029.5;0.0
0;44500;GOLD;9996;1;9995;26;;;10004;1;10005;26;;;10000.0;0.0
0;44600;GOLD;9995;23;;;;;10005;23;;;;;10000.0;0.0
0;44600;SILVER;2028;23;;;;;2031;23;;;;;2029.5;0.0
0;44600;BRONZE;1948;23;;;;;1951;23;;;;;1949.5;0.0
0;44700;BRONZE;1948;7;1947;24;;;1950;24;;;;;1949.0;0.0
0;44700;SILVER;2028;31;;;;;2031;24;;;;;2029.5;0.0
0;44700;GOLD;9996;1;9995;23;;;10002;9;10004;1;10005;23;9999.0;0.0
0;44800;BRONZE;1947;24;;;;;1950;24;;;;;1948.5;0.0
0;44800;GOLD;9996;2;9995;22;;;10002;10;10004;2;10005;22;9999.0;0.0
0;44800;SILVER;2028;24;;;;;2031;24;;;;;2029.5;0.0
0;44900;BRONZE;1949;9;1947;26;;;1950;26;;;;;1949.5;0.0
0;44900;SILVER;2030;9;2028;26;;;2032;26;;;;;2031.0;0.0
0;44900;GOLD;9995;26;;;;;10002;6;10005;26;;;9998.5;0.0
0;45000;GOLD;9996;1;9995;26;;;10004;1;10005;26;;;10000.0;0.0
0;45000;SILVER;2029;1;2028;26;;;2032;27;;;;;2030.5;0.0
0;45000;BRONZE;1948;27;;;;;1951;27;;;;;1949.5;0.0
0;45100;BRONZE;1947;27;;;;;1950;27;;;;;1948.5;0.0
0;45100;SILVER;2029;27;;;;;2032;27;;;;;2030.5;0.0
0;45100;GOLD;9996;2;9995;25;;;9998;1;10004;2;10005;25;9997.0;0.0
0;45200;BRONZE;1947;27;;;;;1950;27;;;;;1948.5;0.0
0;45200;GOLD;9995;27;;;;;10005;27;;;;;10000.0;0.0
0;45200;SILVER;2029;27;;;;;2032;27;;;;;2030.5;0.0
0;45300;BRONZE;1947;28;;;;;1950;29;;;;;1948.5;0.0
0;45300;SILVER;2029;28;;;;;2032;29;;;;;2030.5;0.0
0;45300;GOLD;9996;1;9995;28;;;9998;1;10004;1;10005;28;9997.0;0.0
0;45400;GOLD;9996;1;9995;27;;;10004;1;10005;27;;;10000.0;0.0
0;45400;SILVER;2029;28;;;;;2032;28;;;;;2030.5;0.0
0;45400;BRONZE;1947;28;;;;;1950;28;;;;;1948.5;0.0
0;45500;BRONZE;1946;24;;;;;1949;24;;;;;1947.5;0.0
0;45500;SILVER;2029;24;;;;;2032;24;;;;;2030.5;0.0
0;45500;GOLD;9996;1;9995;23;;;10004;1;10005;23;;;10000.0;0.0
0;45600;BRONZE;1946;25;;;;;1948;2;1950;25;;;1947.0;0.0
0;45600;GOLD;9996;1;9995;24;;;10004;1;10005;24;;;10000.0;0.0
0;45600;SILVER;2029;25;;;;;2031;2;2032;25;;;2030.0;0.0
0;45700;BRONZE;1946;30;;;;;1949;30;;;;;1947.5;0.0
0;45700;SILVER;2029;30;;;;;2032;30;;;;;2030.5;0.0
0;45700;GOLD;10002;4;9995;30;;;10005;30;;;;;10003.5;0.0
0;45800;GOLD;9996;2;9995;24;;;10004;2;10005;24;;;10000.0;0.0
0;45800;SILVER;2029;26;;;;;2032;26;;;;;2030.5;0.0
0;45800;BRONZE;1946;26;;;;;1949;26;;;;;1947.5;0.0
0;45900;BRONZE;1945;22;;;;;1947;8;1948;1;1949;21;1946.0;0.0
0;45900;SILVER;2029;22;;;;;2031;8;2032;22;;;2030.0;0.0
0;45900;GOLD;9996;1;9995;21;;;10002;1;10004;1;10005;21;9999.0;0.0
0;46000;BRONZE;1946;27;;;;;1949;27;;;;;1947.5;0.0
0;46000;GOLD;9996;2;9995;25;;;9998;5;10004;2;10005;25;9997.0;0.0
0;46000;SILVER;2029;27;;;;;2032;27;;;;;2030.5;0.0
0;46100;BRONZE;1946;27;;;;;1947;1;1950;27;;;1946.5;0.0
0;46100;SILVER;2029;26;;;;;2032;2;2033;25;;;2030.5;0.0
0;46100;GOLD;9996;2;9995;25;;;10004;2;10005;25;;;10000.0;0.0
0;46200;GOLD;9995;28;;;;;10005;28;;;;;10000.0;0.0
0;46200;SILVER;2031;10;2029;30;;;2033;28;;;;;2032.0;0.0
0;46200;BRONZE;1948;10;1946;30;;;1949;28;;;;;1948.5;0.0
0;46300;BRONZE;1946;23;;;;;1948;4;1949;23;;;1947.0;0.0
0;46300;SILVER;2029;23;;;;;2031;4;2033;23;;;2030.0;0.0
0;46300;GOLD;9996;1;9995;22;;;10004;1;10005;22;;;10000.0;0.0
0;46400;SILVER;2031;10;2029;26;;;2033;26;;;;;2032.0;0.0
0;46400;BRONZE;1948;10;1946;26;;;1949;26;;;;;1948.5;0.0
0;46400;GOLD;9995;26;;;;;10005;26;;;;;10000.0;0.0
0;46500;BRONZE;1945;25;;;;;1946;1;1949;25;;;1945.5;0.0
0;46500;GOLD;9996;2;9995;23;;;10002;5;10004;2;10005;23;9999.0;0.0
0;46500;SILVER;2030;24;;;;;2033;25;;;;;2031.5;0.0
0;46600;GOLD;9996;2;9995;21;;;10002;2;10004;2;10005;21;9999.0;0.0
0;46600;SILVER;2030;2;2029;21;;;2033;23;;;;;2031.5;0.0
0;46600;BRONZE;1947;23;;;;;1950;23;;;;;1948.5;0.0
0;46700;SILVER;2030;26;;;;;2033;23;;;;;2031.5;0.0
0;46700;BRONZE;1948;3;1947;23;;;1951;23;;;;;1949.5;0.0
0;46700;GOLD;9996;1;9995;22;;;10004;1;10005;22;;;10000.0;0.0
0;46800;SILVER;2030;18;;;;;2033;23;;;;;2031.5;0.0
0;46800;BRONZE;1947;23;;;;;1948;5;1950;23;;;1947.5;0.0
0;46800;GOLD;9998;4;9996;1;9995;22;10004;1;10005;22;;;10001.0;0.0
0;46900;BRONZE;1949;1;1947;28;;;1950;2;1951;26;;;1949.5;0.0
0;46900;GOLD;9996;2;9995;26;;;10004;2;10005;26;;;10000.0;0.0
0;46900;SILVER;2032;1;2030;2;2029;26;2033;28;;;;;2032.5;0.0
0;47000;GOLD;9995;20;;;;;10002;8;10005;20;;;9998.5;0.0
0;47000;SILVER;2029;20;;;;;2033;20;;;;;2031.0;0.0
0;47000;BRONZE;1948;20;;;;;1951;20;;;;;1949.5;0.0
0;47100;SILVER;2029;24;;;;;2030;1;2032;7;2033;24;2029.5;0.0
0;47100;BRONZE;1947;23;;;;;1949;7;1950;24;;;1948.0;0.0
0;47100;GOLD;9998;5;9995;24;;;10005;24;;;;;10001.5;0.0
0;47200;SILVER;2031;4;2029;29;;;2033;29;;;;;2032.0;0.0
0;47200;BRONZE;1949;4;1947;29;;;1950;29;;;;;1949.5;0.0
0;47200;GOLD;9995;29;;;;;10005;29;;;;;10000.0;0.0
0;47300;BRONZE;1946;24;;;;;1950;24;;;;;1948.0;0.0
0;47300;GOLD;9995;24;;;;;10005;24;;;;;10000.0;0.0
0;47300;SILVER;2030;24;;;;;2033;24;;;;;2031.5;0.0
0;47400;GOLD;9996;2;9995;24;;;10002;5;10004;2;10005;24;9999.0;0.0
0;47400;SILVER;2030;26;;;;;2032;2;2033;26;;;2031.0;0.0
0;47400;BRONZE;1946;26;;;;;1948;2;1950;26;;;1947.0;0.0
0;47500;SILVER;2030;28;;;;;2033;28;;;;;2031.5;0.0
0;47500;BRONZE;1946;28;;;;;1950;28;;;;;1948.0;0.0
0;47500;GOLD;9995;28;;;;;10005;28;;;;;10000.0;0.0
0;47600;SILVER;2030;21;;;;;2033;21;;;;;2031.5;0.0
0;47600;BRONZE;1945;21;;;;;1948;21;;;;;1946.5;0.0
0;47600;GOLD;9995;21;;;;;10005;21;;;;;10000.0;0.0
0;47700;BRONZE;1947;24;;;;;1949;3;1950;24;;;1948.0;0.0
0;47700;GOLD;9996;1;9995;23;;;9998;1;10004;1;10005;23;9997.0;0.0
0;47700;SILVER;2030;1;2029;23;;;2032;3;2033;24;;;2031.0;0.0
0;47800;GOLD;9995;22;;;;;9998;1;10002;8;10005;22;9996.5;0.0
0;47800;SILVER;2029;22;;;;;2033;22;;;;;2031.0;0.0
0;47800;BRONZE;1948;22;;;;;1951;22;;;;;1949.5;0.0
0;47900;SILVER;2029;21;;;;;2033;21;;;;;2031.0;0.0
0;47900;BRONZE;1948;21;;;;;1951;21;;;;;1949.5;0.0
0;47900;GOLD;9998;1;9995;21;;;10005;21;;;;;10001.5;0.0
0;48000;SILVER;2029;29;;;;;2033;29;;;;;2031.0;0.0
0;48000;BRONZE;1947;29;;;;;1951;29;;;;;1949.0;0.0
0;48000;GOLD;9998;3;9996;2;9995;27;10004;2;10005;27;;;10001.0;0.0
0;48100;GOLD;9995;29;;;;;10005;29;;;;;10000.0;0.0
0;48100;BRONZE;1948;29;;;;;1952;29;;;;;1950.0;0.0
0;48100;SILVER;2029;29;;;;;2033;29;;;;;2031.0;0.0
0;48200;GOLD;9996;1;9995;25;;;10004;1;10005;25;;;10000.0;0.0
0;48200;SILVER;2030;8;2029;26;;;2033;26;;;;;2031.5;0.0
0;48200;BRONZE;1949;34;;;;;1952;26;;;;;1950.5;0.0
0;48300;SILVER;2031;1;2029;29;;;2032;29;;;;;2031.5;0.0
0;48300;GOLD;9995;29;;;;;10005;29;;;;;10000.0;0.0
0;48300;BRONZE;1950;1;1948;29;;;1951;29;;;;;1950.5;0.0
0;48400;SILVER;2031;1;2029;22;;;2032;22;;;;;2031.5;0.0
0;48400;BRONZE;1951;1;1949;22;;;1953;22;;;;;1952.0;0.0
0;48400;GOLD;9995;22;;;;;10005;22;;;;;10000.0;0.0
0;48500;GOLD;9995;25;;;;;10005;25;;;;;10000.0;0.0
0;48500;BRONZE;1949;25;;;;;1953;25;;;;;1951.0;0.0
0;48500;SILVER;2029;25;;;;;2032;25;;;;;2030.5;0.0
0;48600;GOLD;9996;2;9995;20;;;10002;4;10004;2;10005;20;9999.0;0.0
0;48600;BRONZE;1950;24;;;;;1953;22;;;;;1951.5;0.0
0;48600;SILVER;2029;24;;;;;2032;22;;;;;2030.5;0.0
0;48700;SILVER;2029;21;;;;;2032;21;;;;;2030.5;0.0
0;48700;GOLD;10002;2;9995;21;;;10005;21;;;;;10003.5;0.0
0;48700;BRONZE;1950;21;;;;;1953;21;;;;;1951.5;0.0
0;48800;BRONZE;1950;33;;;;;1953;31;;;;;1951.5;0.0
0;48800;SILVER;2029;33;;;;;2032;31;;;;;2030.5;0.0
0;48800;GOLD;9998;10;9996;2;9995;29;10004;2;10005;29;;;10001.0;0.0
0;48900;GOLD;9998;3;9996;1;9995;24;10004;1;10005;24;;;10001.0;0.0
0;48900;BRONZE;1952;24;;;;;1955;25;;;;;1953.5;0.0
0;48900;SILVER;2029;24;;;;;2032;1;2033;24;;;2030.5;0.0
0;49000;GOLD;9995;29;;;;;10005;29;;;;;10000.0;0.0
0;49000;BRONZE;1951;29;;;;;1954;29;;;;;1952.5;0.0
0;49000;SILVER;2029;29;;;;;2032;29;;;;;2030.5;0.0
0;49100;SILVER;2029;26;;;;;2032;26;;;;;2030.5;0.0
0;49100;GOLD;9998;3;9995;26;;;10005;26;;;;;10001.5;0.0
0;49100;BRONZE;1951;26;;;;;1955;26;;;;;1953.0;0.0
0;49200;BRONZE;1952;31;;;;;1955;25;;;;;1953.5;0.0
0;49200;SILVER;2029;31;;;;;2032;25;;;;;2030.5;0.0
0;49200;GOLD;9996;2;9995;23;;;10004;2;10005;23;;;10000.0;0.0
0;49300;GOLD;9995;29;;;;;10005;29;;;;;10000.0;0.0
0;49300;BRONZE;1953;1;1952;4;1951;29;1955;29;;;;;1954.0;0.0
0;49300;SILVER;2031;1;2029;33;;;2032;29;;;;;2031.5;0.0
0;49400;GOLD;9998;5;9996;1;9995;21;10004;1;10005;21;;;10001.0;0.0
0;49400;BRONZE;1953;1;1951;22;;;1955;22;;;;;1954.0;0.0
0;49400;SILVER;2031;1;2029;22;;;2032;22;;;;;2031.5;0.0
0;49500;SILVER;2029;23;;;;;2032;23;;;;;2030.5;0.0
0;49500;GOLD;9995;23;;;;;10005;23;;;;;10000.0;0.0
0;49500;BRONZE;1951;23;;;;;1954;23;;;;;1952.5;0.0
0;49600;BRONZE;1951;22;;;;;1953;4;1954;22;;;1952.0;0.0
0;49600;SILVER;2029;22;;;;;2031;4;2032;22;;;2030.0;0.0
0;49600;GOLD;9995;22;;;;;10005;22;;;;;10000.0;0.0
0;49700;GOLD;9996;2;9995;22;;;10002;8;10004;2;10005;22;9999.0;0.0
0;49700;BRONZE;1951;24;;;;;1954;2;1955;22;;;1952.5;0.0
0;49700;SILVER;2029;24;;;;;2032;24;;;;;2030.5;0.0
0;49800;GOLD;9996;1;9995;21;;;9998;1;10004;1;10005;21;9997.0;0.0
0;49800;BRONZE;1952;22;;;;;1955;22;;;;;1953.5;0.0
0;49800;SILVER;2029;22;;;;;2032;1;2033;21;;;2030.5;0.0
0;49900;SILVER;2029;22;;;;;2033;22;;;;;2031.0;0.0
0;49900;GOLD;9996;2;9995;20;;;10004;2;10005;20;;;10000.0;0.0
0;49900;BRONZE;1954;22;;;;;1957;2;1958;20;;;1955.5;0.0
0;50000;BRONZE;1955;1;1954;29;;;1958;30;;;;;1956.5;0.0
0;50000;SILVER;2029;30;;;;;2032;30;;;;;2030.5;0.0
0;50000;GOLD;9996;1;9995;29;;;10004;1;10005;29;;;10000.0;0.0
0;50100;GOLD;9996;2;9995;30;;;10004;2;10005;30;;;10000.0;0.0
0;50100;BRONZE;1955;10;1953;32;;;1956;32;;;;;1955.5;0.0
0;50100;SILVER;2031;10;2029;32;;;2032;32;;;;;2031.5;0.0
0;50200;GOLD;9998;1;9996;2;9995;23;10004;2;10005;23;;;10001.0;0.0
0;50200;BRONZE;1953;25;;;;;1957;25;;;;;1955.0;0.0
0;50200;SILVER;2029;2;2028;23;;;2032;25;;;;;2030.5;0.0
0;50300;SILVER;2031;2;2029;26;;;2032;26;;;;;2031.5;0.0
0;50300;GOLD;9996;1;9995;25;;;10002;5;10004;1;10005;25;9999.0;0.0
0;50300;BRONZE;1954;2;1952;26;;;1956;26;;;;;1955.0;0.0
0;50400;BRONZE;1954;30;;;;;1957;30;;;;;1955.5;0.0
0;50400;SILVER;2029;30;;;;;2032;30;;;;;2030.5;0.0
0;50400;GOLD;10002;4;9996;1;9995;29;10004;1;10005;29;;;10003.0;0.0
0;50500;GOLD;10002;4;9996;1;9995;28;10004;1;10005;28;;;10003.0;0.0
0;50500;BRONZE;1953;30;;;;;1956;29;;;;;1954.5;0.0
0;50500;SILVER;2029;30;;;;;2032;29;;;;;2030.5;0.0
0;50600;GOLD;9996;1;9995;23;;;10004;1;10005;23;;;10000.0;0.0
0;50600;BRONZE;1954;1;1952;24;;;1955;24;;;;;1954.5;0.0
0;50600;SILVER;2031;1;2029;24;;;2032;24;;;;;2031.5;0.0
0;50700;SILVER;2029;25;;;;;2032;25;;;;;2030.5;0.0
0;50700;GOLD;9995;25;;;;;10002;3;10005;25;;;9998.5;0.0
0;50700;BRONZE;1951;25;;;;;1954;25;;;;;1952.5;0.0
0;50800;BRONZE;1951;31;;;;;1954;24;;;;;1952.5;0.0
0;50800;SILVER;2029;31;;;;;2032;24;;;;;2030.5;0.0
0;50800;GOLD;9995;24;;;;;9998;1;10002;6;10005;24;9996.5;0.0
0;50900;GOLD;9996;1;9995;26;;;10004;1;10005;26;;;10000.0;0.0
0;50900;BRONZE;1951;27;;;;;1953;5;1954;27;;;1952.0;0.0
0;50900;SILVER;2029;27;;;;;2031;5;2032;27;;;2030.0;0.0
0;51000;GOLD;9996;2;9995;22;;;10004;2;10005;22;;;10000.0;0.0
0;51000;BRONZE;1950;24;;;;;1952;4;1953;24;;;1951.0;0.0
0;51000;SILVER;2029;24;;;;;2031;4;2032;24;;;2030.0;0.0
0;51100;SILVER;2029;27;;;;;2031;1;2032;27;;;2030.0;0.0
0;51100;GOLD;9996;1;9995;26;;;10004;1;10005;26;;;10000.0;0.0
0;51100;BRONZE;1950;27;;;;;1952;1;1953;27;;;1951.0;0.0
0;51200;BRONZE;1950;35;;;;;1953;32;;;;;1951.5;0.0
0;51200;SILVER;2029;35;;;;;2032;32;;;;;2030.5;0.0
0;51200;GOLD;9996;2;9995;30;;;10004;2;10005;30;;;10000.0;0.0
0;51300;GOLD;9996;2;9995;23;;;10004;2;10005;23;;;10000.0;0.0
0;51300;BRONZE;1948;25;;;;;1951;25;;;;;1949.5;0.0
0;51300;SILVER;2029;25;;;;;2032;25;;;;;2030.5;0.0
0;51400;GOLD;9995;23;;;;;10005;23;;;;;10000.0;0.0
0;51400;BRONZE;1949;23;;;;;1952;23;;;;;1950.5;0.0
0;51400;SILVER;2029;23;;;;;2033;23;;;;;2031.0;0.0
0;51500;SILVER;2029;22;;;;;2032;22;;;;;2030.5;0.0
0;51500;GOLD;9996;2;9995;20;;;10004;2;10005;20;;;10000.0;0.0
0;51500;BRONZE;1948;22;;;;;1951;22;;;;;1949.5;0.0
0;51600;BRONZE;1949;31;;;;;1951;5;1952;31;;;1950.0;0.0
0;51600;SILVER;2029;31;;;;;2031;5;2032;31;;;2030.0;0.0
0;51600;GOLD;9996;2;9995;29;;;10004;2;10005;29;;;10000.0;0.0
0;51700;GOLD;9996;2;9995;30;;;10002;5;10004;2;10005;30;9999.0;0.0
0;51700;BRONZE;1949;37;;;;;1952;32;;;;;1950.5;0.0
0;51700;SILVER;2029;37;;;;;2032;32;;;;;2030.5;0.0
0;51800;GOLD;9996;2;9995;24;;;10004;2;10005;24;;;10000.0;0.0
0;51800;BRONZE;1949;26;;;;;1952;26;;;;;1950.5;0.0
0;51800;SILVER;2029;26;;;;;2032;26;;;;;2030.5;0.0
0;51900;SILVER;2029;27;;;;;2031;7;2032;27;;;2030.0;0.0
0;51900;GOLD;9996;1;9995;26;;;10002;6;10004;1;10005;26;9999.0;0.0
0;51900;BRONZE;1950;27;;;;;1952;7;1954;27;;;1951.0;0.0
0;52000;BRONZE;1950;23;;;;;1951;6;1954;24;;;1950.5;0.0
0;52000;SILVER;2029;17;;;;;2032;24;;;;;2030.5;0.0
0;52000;GOLD;10000;3;9996;1;9995;23;10004;1;10005;23;;;10002.0;0.0
0;52100;GOLD;9995;30;;;;;10005;30;;;;;10000.0;0.0
0;52100;BRONZE;1947;30;;;;;1950;30;;;;;1948.5;0.0
0;52100;SILVER;2029;30;;;;;2032;30;;;;;2030.5;0.0
0;52200;GOLD;9995;28;;;;;10002;3;10005;28;;;9998.5;0.0
0;52200;BRONZE;1948;28;;;;;1950;2;1951;28;;;1949.0;0.0
0;52200;SILVER;2029;28;;;;;2031;2;2032;28;;;2030.0;0.0
0;52300;SILVER;2029;19;;;;;2032;21;;;;;2030.5;0.0
0;52300;GOLD;9995;21;;;;;10002;3;10005;21;;;9998.5;0.0
0;52300;BRONZE;1946;21;;;;;1947;2;1950;21;;;1946.5;0.0
0;52400;BRONZE;1951;6;1950;24;;;1953;24;;;;;1952.0;0.0
0;52400;SILVER;2030;6;2029;24;;;2032;24;;;;;2031.0;0.0
0;52400;GOLD;10000;6;9996;2;9995;22;10004;2;10005;22;;;10002.0;0.0
0;52500;GOLD;9996;1;9995;30;;;10004;1;10005;30;;;10000.0;0.0
0;52500;BRONZE;1947;31;;;;;1950;31;;;;;1948.5;0.0
0;52500;SILVER;2029;31;;;;;2033;31;;;;;2031.0;0.0
0;52600;GOLD;9996;1;9995;23;;;9998;2;10004;1;10005;23;9997.0;0.0
0;52600;BRONZE;1948;24;;;;;1951;24;;;;;1949.5;0.0
0;52600;SILVER;2029;24;;;;;2033;24;;;;;2031.0;0.0
0;52700;SILVER;2029;29;;;;;2033;29;;;;;2031.0;0.0
0;52700;GOLD;9995;29;;;;;9998;1;10005;29;;;9996.5;0.0
0;52700;BRONZE;1947;29;;;;;1951;29;;;;;1949.0;0.0
0;52800;GOLD;9995;24;;;;;9998;1;10005;24;;;9996.5;0.0
0;52800;BRONZE;1948;24;;;;;1952;24;;;;;1950.0;0.0
0;52800;SILVER;2029;24;;;;;2033;24;;;;;2031.0;0.0
0;52900;BRONZE;1948;31;;;;;1951;31;;;;;1949.5;0.0
0;52900;SILVER;2029;31;;;;;2033;31;;;;;2031.0;0.0
0;52900;GOLD;9996;1;9995;30;;;10004;1;10005;30;;;10000.0;0.0
0;53000;BRONZE;1948;4;1947;28;;;1951;28;;;;;1949.5;0.0
0;53000;GOLD;9995;28;;;;;10005;28;;;;;10000.0;0.0
0;53000;SILVER;2030;4;2029;28;;;2033;28;;;;;2031.5;0.0
0;53100;BRONZE;1948;31;;;;;1951;31;;;;;1949.5;0.0
0;53100;SILVER;2029;31;;;;;2033;31;;;;;2031.0;0.0
0;53100;GOLD;9996;1;9995;30;;;10004;1;10005;30;;;10000.0;0.0
0;53200;GOLD;9996;1;9995;30;;;9998;1;10004;1;10005;30;9997.0;0.0
0;53200;SILVER;2029;31;;;;;2033;31;;;;;2031.0;0.0
0;53200;BRONZE;1949;31;;;;;1952;31;;;;;1950.5;0.0
0;53300;BRONZE;1950;24;;;;;1952;7;1953;24;;;1951.0;0.0
0;53300;SILVER;2030;1;2029;23;;;2031;7;2033;24;;;2030.5;0.0
0;53300;GOLD;9996;1;9995;23;;;10004;1;10005;23;;;10000.0;0.0
0;53400;BRONZE;1951;22;;;;;1954;23;;;;;1952.5;0.0
0;53400;GOLD;9995;23;;;;;10005;23;;;;;10000.0;0.0
0;53400;SILVER;2029;23;;;;;2030;1;2033;23;;;2029.5;0.0
0;53500;BRONZE;1950;26;;;;;1952;1;1953;26;;;1951.0;0.0
0;53500;SILVER;2029;26;;;;;2031;1;2033;26;;;2030.0;0.0
0;53500;GOLD;9996;1;9995;25;;;10002;8;10004;1;10005;25;9999.0;0.0
0;53600;GOLD;9998;2;9995;23;;;10005;23;;;;;10001.5;0.0
0;53600;SILVER;2029;26;;;;;2033;23;;;;;2031.0;0.0
0;53600;BRONZE;1950;26;;;;;1953;23;;;;;1951.5;0.0
0;53700;BRONZE;1950;27;;;;;1953;2;1954;25;;;1951.5;0.0
0;53700;SILVER;2029;27;;;;;2032;2;2033;25;;;2030.5;0.0
0;53700;GOLD;9996;2;9995;25;;;10002;10;10004;2;10005;25;9999.0;0.0
0;53800;BRONZE;1950;25;;;;;1951;4;1953;25;;;1950.5;0.0
0;53800;GOLD;9996;2;9995;23;;;9998;13;10002;6;10004;2;9997.0;0.0
0;53800;SILVER;2029;25;;;;;2030;4;2032;25;;;2029.5;0.0
0;53900;BRONZE;1949;28;;;;;1951;7;1953;28;;;1950.0;0.0
0;53900;SILVER;2029;28;;;;;2031;7;2033;28;;;2030.0;0.0
0;53900;GOLD;9995;28;;;;;10005;28;;;;;10000.0;0.0
0;54000;GOLD;9996;1;9995;21;;;10004;1;10005;21;;;10000.0;0.0
0;54000;SILVER;2029;24;;;;;2032;22;;;;;2030.5;0.0
0;54000;BRONZE;1951;2;1950;22;;;1954;22;;;;;1952.5;0.0
0;54100;BRONZE;1951;4;1950;23;;;1954;23;;;;;1952.5;0.0
0;54100;SILVER;2029;4;2028;23;;;2032;23;;;;;2030.5;0.0
0;54100;GOLD;9995;23;;;;;10005;23;;;;;10000.0;0.0
0;54200;BRONZE;1951;21;;;;;1954;21;;;;;1952.5;0.0
0;54200;GOLD;9996;1;9995;20;;;10004;1;10005;20;;;10000.0;0.0
0;54200;SILVER;2028;21;;;;;2032;21;;;;;2030.0;0.0
0;54300;BRONZE;1952;25;;;;;1955;25;;;;;1953.5;0.0
0;54300;SILVER;2028;25;;;;;2032;25;;;;;2030.0;0.0
0;54300;GOLD;9998;1;9995;25;;;10005;25;;;;;10001.5;0.0
0;54400;GOLD;9996;2;9995;22;;;10004;2;10005;22;;;10000.0;0.0
0;54400;SILVER;2028;24;;;;;2029;1;2032;24;;;2028.5;0.0
0;54400;BRONZE;1951;23;;;;;1954;24;;;;;1952.5;0.0
0;54500;BRONZE;1950;28;;;;;1954;29;;;;;1952.0;0.0
0;54500;SILVER;2028;29;;;;;2029;1;2032;29;;;2028.5;0.0
0;54500;GOLD;9995;29;;;;;10002;9;10005;29;;;9998.5;0.0
0;54600;BRONZE;1950;28;;;;;1954;28;;;;;1952.0;0.0
0;54600;GOLD;9998;4;9996;2;9995;26;10004;2;10005;26;;;10001.0;0.0
0;54600;SILVER;2029;2;2028;26;;;2032;28;;;;;2030.5;0.0
0;54700;BRONZE;1949;21;;;;;1952;21;;;;;1950.5;0.0
0;54700;SILVER;2029;21;;;;;2032;21;;;;;2030.5;0.0
0;54700;GOLD;9998;2;9995;21;;;10005;21;;;;;10001.5;0.0
0;54800;GOLD;9996;1;9995;23;;;10004;1;10005;23;;;10000.0;0.0
0;54800;SILVER;2029;24;;;;;2031;6;2032;24;;;2030.0;0.0
0;54800;BRONZE;1948;24;;;;;1950;6;1951;24;;;1949.0;0.0
0;54900;BRONZE;1948;29;;;;;1950;3;1951;29;;;1949.0;0.0
0;54900;SILVER;2029;29;;;;;2031;3;2032;29;;;2030.0;0.0
0;54900;GOLD;9996;1;9995;28;;;10004;1;10005;28;;;10000.0;0.0
0;55000;BRONZE;1949;1;1948;27;;;1952;27;;;;;1950.5;0.0
0;55000;GOLD;9995;27;;;;;9998;5;10005;27;;;9996.5;0.0
0;55000;SILVER;2029;28;;;;;2032;27;;;;;2030.5;0.0
0;55100;BRONZE;1950;31;;;;;1953;31;;;;;1951.5;0.0
0;55100;SILVER;2029;31;;;;;2032;31;;;;;2030.5;0.0
0;55100;GOLD;10002;9;9996;2;9995;29;10004;2;10005;29;;;10003.0;0.0
0;55200;GOLD;9995;25;;;;;10005;25;;;;;10000.0;0.0
0;55200;SILVER;2029;25;;;;;2032;25;;;;;2030.5;0.0
0;55200;BRONZE;1949;25;;;;;1952;25;;;;;1950.5;0.0
0;55300;SILVER;2029;25;;;;;2032;25;;;;;2030.5;0.0
0;55300;BRONZE;1948;25;;;;;1951;1;1952;24;;;1949.5;0.0
0;55300;GOLD;9996;1;9995;24;;;10002;7;10004;1;10005;24;9999.0;0.0
0;55400;SILVER;2029;23;;;;;2032;23;;;;;2030.5;0.0
0;55400;BRONZE;1949;23;;;;;1952;23;;;;;1950.5;0.0
0;55400;GOLD;9996;1;9995;22;;;10004;1;10005;22;;;10000.0;0.0
0;55500;BRONZE;1951;26;;;;;1954;26;;;;;1952.5;0.0
0;55500;GOLD;9995;26;;;;;10005;26;;;;;10000.0;0.0
0;55500;SILVER;2029;26;;;;;2032;26;;;;;2030.5;0.0
0;55600;GOLD;9998;7;9996;1;9995;27;10004;1;10005;27;;;10001.0;0.0
0;55600;SILVER;2029;28;;;;;2032;28;;;;;2030.5;0.0
0;55600;BRONZE;1950;28;;;;;1953;28;;;;;1951.5;0.0
0;55700;SILVER;2029;21;;;;;2032;21;;;;;2030.5;0.0
0;55700;BRONZE;1949;21;;;;;1953;21;;;;;1951.0;0.0
0;55700;GOLD;9995;21;;;;;10002;7;10005;21;;;9998.5;0.0
0;55800;SILVER;2029;23;;;;;2032;2;2033;21;;;2030.5;0.0
0;55800;BRONZE;1951;23;;;;;1954;23;;;;;1952.5;0.0
0;55800;GOLD;9996;2;9995;21;;;10004;2;10005;21;;;10000.0;0.0
0;55900;BRONZE;1951;24;;;;;1954;24;;;;;1952.5;0.0
0;55900;GOLD;9995;24;;;;;9998;11;10005;24;;;9996.5;0.0
0;55900;SILVER;2029;24;;;;;2033;24;;;;;2031.0;0.0
0;56000;GOLD;9996;2;9995;20;;;10004;2;10005;20;;;10000.0;0.0
0;56000;SILVER;2029;22;;;;;2032;22;;;;;2030.5;0.0
0;56000;BRONZE;1949;22;;;;;1952;22;;;;;1950.5;0.0
0;56100;SILVER;2029;30;;;;;2032;30;;;;;2030.5;0.0
0;56100;BRONZE;1949;30;;;;;1952;30;;;;;1950.5;0.0
0;56100;GOLD;9996;1;9995;29;;;10004;1;10005;29;;;10000.0;0.0
0;56200;SILVER;2029;28;;;;;2032;28;;;;;2030.5;0.0
0;56200;BRONZE;1948;28;;;;;1951;2;1952;26;;;1949.5;0.0
0;56200;GOLD;9996;2;9995;26;;;10004;2;10005;26;;;10000.0;0.0
0;56300;BRONZE;1947;23;;;;;1949;8;1951;23;;;1948.0;0.0
0;56300;GOLD;9995;23;;;;;10002;8;10005;23;;;9998.5;0.0
0;56300;SILVER;2029;23;;;;;2031;8;2032;23;;;2030.0;0.0
0;56400;GOLD;9998;6;9995;23;;;10005;23;;;;;10001.5;0.0
0;56400;SILVER;2029;23;;;;;2032;23;;;;;2030.5;0.0
0;56400;BRONZE;1944;23;;;;;1948;23;;;;;1946.0;0.0
0;56500;SILVER;2029;33;;;;;2032;25;;;;;2030.5;0.0
0;56500;BRONZE;1945;33;;;;;1948;25;;;;;1946.5;0.0
0;56500;GOLD;9995;25;;;;;10005;25;;;;;10000.0;0.0
0;56600;SILVER;2029;27;;;;;2032;27;;;;;2030.5;0.0
0;56600;BRONZE;1946;27;;;;;1949;27;;;;;1947.5;0.0
0;56600;GOLD;9996;1;9995;26;;;10004;1;10005;26;;;10000.0;0.0
0;56700;BRONZE;1946;25;;;;;1947;1;1950;25;;;1946.5;0.0
0;56700;GOLD;9995;25;;;;;10005;25;;;;;10000.0;0.0
0;56700;SILVER;2029;24;;;;;2032;25;;;;;2030.5;0.0
0;56800;GOLD;9995;24;;;;;10005;24;;;;;10000.0;0.0
0;56800;SILVER;2029;30;;;;;2032;24;;;;;2030.5;0.0
0;56800;BRONZE;1946;30;;;;;1949;24;;;;;1947.5;0.0
0;56900;SILVER;2029;20;;;;;2032;20;;;;;2030.5;0.0
0;56900;BRONZE;1946;20;;;;;1949;20;;;;;1947.5;0.0
0;56900;GOLD;9998;5;9995;20;;;10005;20;;;;;10001.5;0.0
0;57000;SILVER;2029;25;;;;;2032;25;;;;;2030.5;0.0
0;57000;BRONZE;1946;25;;;;;1950;25;;;;;1948.0;0.0
0;57000;GOLD;9995;25;;;;;10005;25;;;;;10000.0;0.0
0;57100;GOLD;9996;2;9995;25;;;10004;2;10005;25;;;10000.0;0.0
0;57100;BRONZE;1946;27;;;;;1950;27;;;;;1948.0;0.0
0;57100;SILVER;2029;27;;;;;2032;27;;;;;2030.5;0.0
0;57200;GOLD;9995;26;;;;;10005;26;;;;;10000.0;0.0
0;57200;SILVER;2029;26;;;;;2032;26;;;;;2030.5;0.0
0;57200;BRONZE;1946;26;;;;;1950;26;;;;;1948.0;0.0
0;57300;SILVER;2029;25;;;;;2032;25;;;;;2030.5;0.0
0;57300;GOLD;10002;1;9995;25;;;10005;25;;;;;10003.5;0.0
0;57300;BRONZE;1943;25;;;;;1946;25;;;;;1944.5;0.0
0;57400;SILVER;2029;27;;;;;2031;4;2033;28;;;2030.0;0.0
0;57400;BRONZE;1942;1;1941;26;;;1943;4;1945;28;;;1942.5;0.0
0;57400;GOLD;9996;2;9995;26;;;10002;2;10004;2;10005;26;9999.0;0.0
0;57500;GOLD;9996;1;9995;30;;;10002;1;10004;1;10005;30;9999.0;0.0
0;57500;BRONZE;1944;31;;;;;1947;31;;;;;1945.5;0.0
0;57500;SILVER;2029;31;;;;;2033;31;;;;;2031.0;0.0
0;57600;GOLD;9995;29;;;;;9998;1;10005;29;;;9996.5;0.0
0;57600;BRONZE;1947;29;;;;;1951;29;;;;;1949.0;0.0
0;57600;SILVER;2029;29;;;;;2033;29;;;;;2031.0;0.0
0;57700;SILVER;2029;30;;;;;2033;30;;;;;2031.0;0.0
0;57700;GOLD;9996;2;9995;28;;;10002;2;10004;2;10005;28;9999.0;0.0
0;57700;BRONZE;1948;30;;;;;1951;30;;;;;1949.5;0.0
0;57800;BRONZE;1947;28;;;;;1950;28;;;;;1948.5;0.0
0;57800;SILVER;2030;28;;;;;2033;28;;;;;2031.5;0.0
0;57800;GOLD;9996;2;9995;26;;;10004;2;10005;26;;;10000.0;0.0
0;57900;GOLD;10002;1;9996;2;9995;30;10004;2;10005;30;;;10003.0;0.0
0;57900;BRONZE;1946;32;;;;;1949;32;;;;;1947.5;0.0
0;57900;SILVER;2030;32;;;;;2033;32;;;;;2031.5;0.0
0;58000;GOLD;9998;7;9995;23;;;10005;23;;;;;10001.5;0.0
0;58000;BRONZE;1948;4;1947;23;;;1950;23;;;;;1949.0;0.0
0;58000;SILVER;2032;4;2030;23;;;2033;23;;;;;2032.5;0.0
0;58100;SILVER;2030;31;;;;;2033;24;;;;;2031.5;0.0
0;58100;GOLD;9996;1;9995;23;;;10004;1;10005;23;;;10000.0;0.0
0;58100;BRONZE;1946;8;1945;23;;;1949;24;;;;;1947.5;0.0
0;58200;BRONZE;1947;32;;;;;1950;26;;;;;1948.5;0.0
0;58200;SILVER;2030;32;;;;;2033;26;;;;;2031.5;0.0
0;58200;GOLD;9996;2;9995;24;;;10004;2;10005;24;;;10000.0;0.0
0;58300;GOLD;9996;2;9995;21;;;9998;1;10004;2;10005;21;9997.0;0.0
0;58300;BRONZE;1947;23;;;;;1950;23;;;;;1948.5;0.0
0;58300;SILVER;2030;2;2029;21;;;2033;23;;;;;2031.5;0.0
0;58400;GOLD;9995;21;;;;;10000;4;10005;21;;;9997.5;0.0
0;58400;BRONZE;1947;21;;;;;1948;4;1950;21;;;1947.5;0.0
0;58400;SILVER;2029;21;;;;;2030;4;2032;21;;;2029.5;0.0
0;58500;SILVER;2029;32;;;;;2032;1;2033;29;;;2030.5;0.0
0;58500;GOLD;9996;1;9995;29;;;9998;1;10004;1;10005;29;9997.0;0.0
0;58500;BRONZE;1945;32;;;;;1948;30;;;;;1946.5;0.0
0;58600;BRONZE;1945;29;;;;;1947;3;1948;29;;;1946.0;0.0
0;58600;SILVER;2029;29;;;;;2031;3;2032;2;2033;27;2030.0;0.0
0;58600;GOLD;9998;2;9996;2;9995;27;10004;2;10005;27;;;10001.0;0.0
0;58700;GOLD;9996;1;9995;24;;;10004;1;10005;24;;;10000.0;0.0
0;58700;BRONZE;1947;10;1945;25;;;1948;25;;;;;1947.5;0.0
0;58700;SILVER;2031;10;2029;25;;;2032;1;2033;24;;;2031.5;0.0
0;58800;GOLD;9998;4;9996;2;9995;22;10004;2;10005;22;;;10001.0;0.0
0;58800;BRONZE;1943;24;;;;;1945;8;1946;24;;;1944.0;0.0
0;58800;SILVER;2029;24;;;;;2031;8;2032;2;2033;22;2030.0;0.0
0;58900;SILVER;2029;22;;;;;2032;22;;;;;2030.5;0.0
0;58900;GOLD;9995;22;;;;;9998;1;10005;22;;;9996.5;0.0
0;58900;BRONZE;1941;22;;;;;1944;22;;;;;1942.5;0.0
0;59000;BRONZE;1943;26;;;;;1946;26;;;;;1944.5;0.0
0;59000;SILVER;2029;26;;;;;2032;26;;;;;2030.5;0.0
0;59000;GOLD;9995;26;;;;;10005;26;;;;;10000.0;0.0
0;59100;GOLD;9995;30;;;;;9998;2;10005;30;;;9996.5;0.0
0;59100;BRONZE;1943;30;;;;;1946;30;;;;;1944.5;0.0
0;59100;SILVER;2029;30;;;;;2032;30;;;;;2030.5;0.0
0;59200;GOLD;10000;3;9996;2;9995;29;10004;2;10005;29;;;10002.0;0.0
0;59200;BRONZE;1946;3;1945;31;;;1948;31;;;;;1947.0;0.0
0;59200;SILVER;2030;3;2029;31;;;2032;31;;;;;2031.0;0.0
0;59300;SILVER;2030;2;2029;30;;;2032;30;;;;;2031.0;0.0
0;59300;GOLD;9996;2;9995;28;;;9998;13;10004;2;10005;28;9997.0;0.0
0;59300;BRONZE;1946;2;1945;30;;;1948;30;;;;;1947.0;0.0
0;59400;BRONZE;1947;28;;;;;1951;28;;;;;1949.0;0.0
0;59400;SILVER;2029;28;;;;;2032;28;;;;;2030.5;0.0
0;59400;GOLD;9995;28;;;;;10005;28;;;;;10000.0;0.0
0;59500;GOLD;9998;1;9996;2;9995;27;10004;2;10005;27;;;10001.0;0.0
0;59500;BRONZE;1947;29;;;;;1950;29;;;;;1948.5;0.0
0;59500;SILVER;2029;29;;;;;2032;29;;;;;2030.5;0.0
0;59600;GOLD;9995;25;;;;;10005;25;;;;;10000.0;0.0
0;59600;BRONZE;1948;4;1947;25;;;1951;25;;;;;1949.5;0.0
0;59600;SILVER;2029;29;;;;;2032;25;;;;;2030.5;0.0
0;59700;SILVER;2029;28;;;;;2031;8;2032;28;;;2030.0;0.0
0;59700;GOLD;9998;8;9996;2;9995;26;10004;2;10005;26;;;10001.0;0.0
0;59700;BRONZE;1949;28;;;;;1951;8;1952;28;;;1950.0;0.0
0;59800;BRONZE;1949;15;;;;;1952;20;;;;;1950.5;0.0
0;59800;SILVER;2029;20;;;;;2030;5;2033;20;;;2029.5;0.0
0;59800;GOLD;9995;20;;;;;10005;20;;;;;10000.0;0.0
0;59900;GOLD;10002;1;9998;1;9996;2;10004;2;10005;22;;;10003.0;0.0
0;59900;BRONZE;1946;24;;;;;1949;24;;;;;1947.5;0.0
0;59900;SILVER;2029;24;;;;;2032;24;;;;;2030.5;0.0
0;60000;GOLD;9998;4;9996;2;9995;29;10004;2;10005;29;;;10001.0;0.0
0;60000;BRONZE;1947;31;;;;;1950;31;;;;;1948.5;0.0
0;60000;SILVER;2029;31;;;;;2032;31;;;;;2030.5;0.0
0;60100;SILVER;2029;16;;;;;2032;25;;;;;2030.5;0.0
0;60100;GOLD;9995;25;;;;;9998;1;10005;25;;;9996.5;0.0
0;60100;BRONZE;1945;25;;;;;1946;9;1948;25;;;1945.5;0.0
0;60200;BRONZE;1945;4;1944;1;1943;21;1947;22;;;;;1946.0;0.0
0;60200;SILVER;2030;4;2029;22;;;2032;22;;;;;2031.0;0.0
0;60200;GOLD;10000;3;9996;1;9995;21;10004;1;10005;21;;;10002.0;0.0
0;60300;GOLD;9996;2;9995;22;;;10004;2;10005;22;;;10000.0;0.0
0;60300;BRONZE;1946;24;;;;;1949;24;;;;;1947.5;0.0
0;60300;SILVER;2029;24;;;;;2032;24;;;;;2030.5;0.0
0;60400;GOLD;10000;4;9996;1;9995;24;10004;1;10005;24;;;10002.0;0.0
0;60400;BRONZE;1946;6;1945;25;;;1948;25;;;;;1947.0;0.0
0;60400;SILVER;2030;6;2029;25;;;2032;25;;;;;2031.0;0.0
0;60500;SILVER;2029;22;;;;;2032;22;;;;;2030.5;0.0
0;60500;GOLD;9996;2;9995;20;;;10004;2;10005;20;;;10000.0;0.0
0;60500;BRONZE;1944;22;;;;;1948;22;;;;;1946.0;0.0
0;60600;BRONZE;1944;27;;;;;1947;27;;;;;1945.5;0.0
0;60600;SILVER;2029;27;;;;;2032;27;;;;;2030.5;0.0
0;60600;GOLD;9995;27;;;;;10002;3;10005;27;;;9998.5;0.0
0;60700;GOLD;9996;2;9995;29;;;10002;8;10004;2;10005;29;9999.0;0.0
0;60700;BRONZE;1944;31;;;;;1947;31;;;;;1945.5;0.0
