timestamp;buyer;seller;symbol;currency;price;quantity
100;;;GOLD;DOLLARS;10002.0;1
300;;;SILVER;DOLLARS;2029.0;6
300;;;GOLD;DOLLARS;9998.0;2
300;;;GOLD;DOLLARS;9998.0;1
300;;;BRONZE;DOLLARS;1965.0;6
500;;;SILVER;DOLLARS;2031.0;1
500;;;GOLD;DOLLARS;10004.0;1
500;;;GOLD;DOLLARS;10002.0;1
500;;;BRONZE;DOLLARS;1970.0;1
1300;;;SILVER;DOLLARS;2031.0;2
1300;;;BRONZE;DOLLARS;1970.0;2
1300;;;BRONZE;DOLLARS;1968.0;5
1400;;;SILVER;DOLLARS;2029.0;1
1400;;;BRONZE;DOLLARS;1969.0;1
1500;;;SILVER;DOLLARS;2032.0;1
1500;;;GOLD;DOLLARS;10002.0;1
1500;;;BRONZE;DOLLARS;1971.0;1
1700;;;GOLD;DOLLARS;10005.0;6
2000;;;SILVER;DOLLARS;2030.0;7
2000;;;BRONZE;DOLLARS;1972.0;7
2400;;;BRONZE;DOLLARS;1975.0;10
2700;;;GOLD;DOLLARS;9998.0;5
2800;;;SILVER;DOLLARS;2033.0;1
2900;;;GOLD;DOLLARS;9998.0;1
3100;;;SILVER;DOLLARS;2031.0;1
3100;;;BRONZE;DOLLARS;1972.0;1
3300;;;GOLD;DOLLARS;9996.0;2
3300;;;GOLD;DOLLARS;9996.0;2
3700;;;SILVER;DOLLARS;2033.0;1
3700;;;BRONZE;DOLLARS;1973.0;1
3700;;;BRONZE;DOLLARS;1972.0;4
3800;;;SILVER;DOLLARS;2030.0;11
3800;;;BRONZE;DOLLARS;1971.0;11
4200;;;SILVER;DOLLARS;2030.0;3
4200;;;SILVER;DOLLARS;2030.0;2
4200;;;BRONZE;DOLLARS;1971.0;3
4200;;;BRONZE;DOLLARS;1971.0;2
4300;;;SILVER;DOLLARS;2030.0;1
4300;;;GOLD;DOLLARS;9996.0;2
4300;;;GOLD;DOLLARS;9995.0;1
4300;;;GOLD;DOLLARS;9996.0;1
4300;;;BRONZE;DOLLARS;1970.0;1
4400;;;SILVER;DOLLARS;2030.0;1
4400;;;GOLD;DOLLARS;9998.0;1
4400;;;BRONZE;DOLLARS;1971.0;1
4800;;;SILVER;DOLLARS;2031.0;1
4800;;;GOLD;DOLLARS;10002.0;3
4800;;;BRONZE;DOLLARS;1973.0;1
4900;;;GOLD;DOLLARS;9998.0;1
4900;;;GOLD;DOLLARS;9998.0;4
5400;;;SILVER;DOLLARS;2030.0;6
5400;;;BRONZE;DOLLARS;1973.0;6
6300;;;SILVER;DOLLARS;2029.0;1
6300;;;BRONZE;DOLLARS;1973.0;1
6700;;;GOLD;DOLLARS;10002.0;4
6800;;;SILVER;DOLLARS;2029.0;2
6800;;;GOLD;DOLLARS;9998.0;1
6800;;;GOLD;DOLLARS;9996.0;1
6800;;;GOLD;DOLLARS;9996.0;1
6800;;;BRONZE;DOLLARS;1975.0;1
6800;;;BRONZE;DOLLARS;1975.0;1
6900;;;SILVER;DOLLARS;2032.0;1
6900;;;BRONZE;DOLLARS;1975.0;1
7200;;;SILVER;DOLLARS;2033.0;1
7200;;;GOLD;DOLLARS;10004.0;1
7200;;;BRONZE;DOLLARS;1979.0;1
7300;;;SILVER;DOLLARS;2030.0;15
7300;;;BRONZE;DOLLARS;1975.0;15
7400;;;GOLD;DOLLARS;10002.0;1
7700;;;SILVER;DOLLARS;2032.0;1
7700;;;SILVER;DOLLARS;2032.0;1
7700;;;GOLD;DOLLARS;10005.0;1
7700;;;BRONZE;DOLLARS;1976.0;1
7700;;;BRONZE;DOLLARS;1976.0;1
7800;;;SILVER;DOLLARS;2032.0;1
7800;;;BRONZE;DOLLARS;1976.0;1
7900;;;SILVER;DOLLARS;2032.0;1
7900;;;GOLD;DOLLARS;10002.0;1
7900;;;BRONZE;DOLLARS;1974.0;1
8100;;;SILVER;DOLLARS;2033.0;14
8100;;;BRONZE;DOLLARS;1976.0;14
8200;;;GOLD;DOLLARS;9998.0;1
8300;;;SILVER;DOLLARS;2033.0;11
8300;;;BRONZE;DOLLARS;1980.0;11
8900;;;GOLD;DOLLARS;10002.0;5
9300;;;SILVER;DOLLARS;2032.0;4
9600;;;SILVER;DOLLARS;2032.0;1
9600;;;SILVER;DOLLARS;2032.0;1
9600;;;SILVER;DOLLARS;2030.0;6
9600;;;BRONZE;DOLLARS;1983.0;1
9600;;;BRONZE;DOLLARS;1983.0;1
10100;;;SILVER;DOLLARS;2032.0;4
10300;;;SILVER;DOLLARS;2033.0;2
10300;;;GOLD;DOLLARS;10004.0;2
10300;;;BRONZE;DOLLARS;1985.0;2
10600;;;GOLD;DOLLARS;9998.0;1
10600;;;GOLD;DOLLARS;9998.0;1
10700;;;SILVER;DOLLARS;2029.0;6
10700;;;BRONZE;DOLLARS;1981.0;6
10800;;;SILVER;DOLLARS;2029.0;1
10800;;;GOLD;DOLLARS;10002.0;1
10800;;;BRONZE;DOLLARS;1981.0;1
11100;;;GOLD;DOLLARS;9996.0;2
11300;;;SILVER;DOLLARS;2033.0;6
11300;;;BRONZE;DOLLARS;1983.0;6
11400;;;GOLD;DOLLARS;9998.0;1
12100;;;SILVER;DOLLARS;2030.0;2
12100;;;GOLD;DOLLARS;10002.0;1
12100;;;BRONZE;DOLLARS;1979.0;15
12300;;;GOLD;DOLLARS;10002.0;1
12500;;;GOLD;DOLLARS;10002.0;5
13300;;;SILVER;DOLLARS;2032.0;1
13300;;;BRONZE;DOLLARS;1974.0;1
13600;;;BRONZE;DOLLARS;1976.0;5
13700;;;GOLD;DOLLARS;9998.0;1
14000;;;SILVER;DOLLARS;2033.0;1
14000;;;GOLD;DOLLARS;9996.0;1
14000;;;BRONZE;DOLLARS;1976.0;1
14300;;;SILVER;DOLLARS;2031.0;1
14300;;;BRONZE;DOLLARS;1974.0;1
14500;;;SILVER;DOLLARS;2030.0;1
14500;;;SILVER;DOLLARS;2031.0;2
14500;;;BRONZE;DOLLARS;1976.0;1
14500;;;BRONZE;DOLLARS;1977.0;2
14800;;;SILVER;DOLLARS;2030.0;1
14800;;;BRONZE;DOLLARS;1977.0;1
15000;;;SILVER;DOLLARS;2030.0;1
15000;;;BRONZE;DOLLARS;1977.0;1
15100;;;SILVER;DOLLARS;2033.0;1
15100;;;GOLD;DOLLARS;10002.0;1
15200;;;SILVER;DOLLARS;2031.0;7
15200;;;SILVER;DOLLARS;2031.0;1
15200;;;BRONZE;DOLLARS;1977.0;7
15400;;;SILVER;DOLLARS;2033.0;1
15400;;;GOLD;DOLLARS;10002.0;1
15400;;;BRONZE;DOLLARS;1974.0;1
15500;;;SILVER;DOLLARS;2032.0;1
15500;;;SILVER;DOLLARS;2030.0;4
15500;;;BRONZE;DOLLARS;1975.0;1
15500;;;BRONZE;DOLLARS;1972.0;4
15800;;;SILVER;DOLLARS;2030.0;11
15800;;;GOLD;DOLLARS;9998.0;4
15800;;;BRONZE;DOLLARS;1973.0;2
15800;;;BRONZE;DOLLARS;1973.0;9
16200;;;SILVER;DOLLARS;2032.0;1
16200;;;SILVER;DOLLARS;2032.0;3
16200;;;BRONZE;DOLLARS;1970.0;1
16200;;;BRONZE;DOLLARS;1970.0;3
16400;;;SILVER;DOLLARS;2030.0;4
16700;;;SILVER;DOLLARS;2030.0;1
16700;;;BRONZE;DOLLARS;1966.0;1
16800;;;SILVER;DOLLARS;2033.0;2
16800;;;GOLD;DOLLARS;10002.0;2
16800;;;BRONZE;DOLLARS;1968.0;2
17100;;;SILVER;DOLLARS;2030.0;1
17100;;;BRONZE;DOLLARS;1964.0;1
17300;;;GOLD;DOLLARS;9998.0;1
18000;;;BRONZE;DOLLARS;1965.0;5
18200;;;SILVER;DOLLARS;2033.0;7
18200;;;BRONZE;DOLLARS;1968.0;1
18600;;;GOLD;DOLLARS;10002.0;1
18700;;;SILVER;DOLLARS;2031.0;5
18700;;;SILVER;DOLLARS;2031.0;3
18700;;;BRONZE;DOLLARS;1966.0;5
18700;;;BRONZE;DOLLARS;1966.0;3
18900;;;SILVER;DOLLARS;2033.0;2
18900;;;GOLD;DOLLARS;10004.0;1
18900;;;BRONZE;DOLLARS;1967.0;2
19000;;;SILVER;DOLLARS;2030.0;1
19000;;;SILVER;DOLLARS;2031.0;2
19000;;;BRONZE;DOLLARS;1964.0;1
19000;;;BRONZE;DOLLARS;1966.0;2
20100;;;SILVER;DOLLARS;2033.0;12
20100;;;GOLD;DOLLARS;9998.0;1
20100;;;BRONZE;DOLLARS;1972.0;12
20600;;;SILVER;DOLLARS;2033.0;1
20600;;;GOLD;DOLLARS;10004.0;1
20600;;;BRONZE;DOLLARS;1973.0;1
20800;;;SILVER;DOLLARS;2032.0;1
20800;;;BRONZE;DOLLARS;1972.0;1
20900;;;GOLD;DOLLARS;10004.0;1
21100;;;SILVER;DOLLARS;2030.0;2
21100;;;GOLD;DOLLARS;9998.0;1
21100;;;GOLD;DOLLARS;9998.0;1
21100;;;BRONZE;DOLLARS;1972.0;2
21300;;;SILVER;DOLLARS;2030.0;1
21300;;;BRONZE;DOLLARS;1975.0;1
21600;;;SILVER;DOLLARS;2030.0;1
21600;;;GOLD;DOLLARS;10002.0;1
21600;;;BRONZE;DOLLARS;1976.0;1
21800;;;SILVER;DOLLARS;2030.0;1
21900;;;SILVER;DOLLARS;2031.0;1
21900;;;GOLD;DOLLARS;9996.0;1
21900;;;BRONZE;DOLLARS;1977.0;1
22000;;;SILVER;DOLLARS;2031.0;1
22000;;;GOLD;DOLLARS;10000.0;2
22000;;;BRONZE;DOLLARS;1977.0;1
22000;;;BRONZE;DOLLARS;1978.0;2
22100;;;SILVER;DOLLARS;2031.0;1
22100;;;SILVER;DOLLARS;2031.0;1
22100;;;GOLD;DOLLARS;9996.0;1
22100;;;BRONZE;DOLLARS;1976.0;1
22100;;;BRONZE;DOLLARS;1976.0;1
22400;;;GOLD;DOLLARS;10002.0;1
22400;;;GOLD;DOLLARS;10002.0;2
22500;;;GOLD;DOLLARS;10002.0;6
22700;;;SILVER;DOLLARS;2034.0;9
22700;;;BRONZE;DOLLARS;1982.0;9
23200;;;GOLD;DOLLARS;9998.0;1
23300;;;BRONZE;DOLLARS;1983.0;2
23700;;;SILVER;DOLLARS;2034.0;5
23700;;;BRONZE;DOLLARS;1984.0;5
23900;;;SILVER;DOLLARS;2033.0;1
24200;;;GOLD;DOLLARS;9998.0;1
24200;;;BRONZE;DOLLARS;1986.0;1
24200;;;BRONZE;DOLLARS;1984.0;14
24300;;;GOLD;DOLLARS;10002.0;5
24300;;;GOLD;DOLLARS;10002.0;1
24500;;;SILVER;DOLLARS;2030.0;1
24500;;;GOLD;DOLLARS;9998.0;1
24500;;;GOLD;DOLLARS;9998.0;1
24500;;;BRONZE;DOLLARS;1984.0;1
24700;;;SILVER;DOLLARS;2034.0;1
24700;;;GOLD;DOLLARS;10004.0;1
24700;;;BRONZE;DOLLARS;1985.0;1
25100;;;SILVER;DOLLARS;2034.0;2
25100;;;GOLD;DOLLARS;10005.0;2
25100;;;BRONZE;DOLLARS;1984.0;2
25200;;;SILVER;DOLLARS;2031.0;1
25300;;;SILVER;DOLLARS;2031.0;1
25300;;;GOLD;DOLLARS;9996.0;1
25300;;;BRONZE;DOLLARS;1978.0;1
25400;;;SILVER;DOLLARS;2034.0;1
25400;;;GOLD;DOLLARS;10004.0;1
25400;;;BRONZE;DOLLARS;1981.0;1
26400;;;SILVER;DOLLARS;2031.0;1
26400;;;BRONZE;DOLLARS;1974.0;1
26500;;;SILVER;DOLLARS;2034.0;2
26500;;;SILVER;DOLLARS;2033.0;1
26500;;;GOLD;DOLLARS;10002.0;2
26500;;;BRONZE;DOLLARS;1982.0;2
26500;;;BRONZE;DOLLARS;1981.0;1
26600;;;GOLD;DOLLARS;10002.0;3
26700;;;SILVER;DOLLARS;2033.0;2
26700;;;BRONZE;DOLLARS;1976.0;2
26900;;;GOLD;DOLLARS;9998.0;1
27400;;;SILVER;DOLLARS;2031.0;2
27400;;;SILVER;DOLLARS;2031.0;3
27400;;;GOLD;DOLLARS;10004.0;1
27400;;;BRONZE;DOLLARS;1969.0;2
27600;;;GOLD;DOLLARS;9998.0;1
27700;;;SILVER;DOLLARS;2033.0;3
27700;;;GOLD;DOLLARS;9996.0;2
27700;;;GOLD;DOLLARS;9996.0;4
27700;;;BRONZE;DOLLARS;1970.0;3
27900;;;GOLD;DOLLARS;9998.0;4
28000;;;SILVER;DOLLARS;2034.0;1
28000;;;GOLD;DOLLARS;10002.0;1
28000;;;BRONZE;DOLLARS;1974.0;1
28100;;;SILVER;DOLLARS;2031.0;1
28100;;;SILVER;DOLLARS;2031.0;2
28100;;;SILVER;DOLLARS;2031.0;1
28100;;;GOLD;DOLLARS;9995.0;1
28100;;;BRONZE;DOLLARS;1971.0;1
28100;;;BRONZE;DOLLARS;1972.0;3
28600;;;SILVER;DOLLARS;2031.0;1
28600;;;BRONZE;DOLLARS;1971.0;1
28700;;;GOLD;DOLLARS;9996.0;1
28700;;;GOLD;DOLLARS;9996.0;7
29000;;;SILVER;DOLLARS;2034.0;1
29000;;;GOLD;DOLLARS;10005.0;1
29000;;;BRONZE;DOLLARS;1973.0;1
29200;;;GOLD;DOLLARS;10002.0;1
29200;;;GOLD;DOLLARS;10002.0;1
29200;;;BRONZE;DOLLARS;1971.0;2
29300;;;SILVER;DOLLARS;2031.0;1
29300;;;BRONZE;DOLLARS;1972.0;1
29900;;;SILVER;DOLLARS;2031.0;6
29900;;;GOLD;DOLLARS;10002.0;4
30000;;;SILVER;DOLLARS;2032.0;1
30000;;;BRONZE;DOLLARS;1969.0;1
30100;;;SILVER;DOLLARS;2032.0;5
30100;;;BRONZE;DOLLARS;1970.0;5
30700;;;SILVER;DOLLARS;2030.0;1
30700;;;BRONZE;DOLLARS;1960.0;1
31200;;;SILVER;DOLLARS;2030.0;1
31200;;;BRONZE;DOLLARS;1963.0;1
31500;;;SILVER;DOLLARS;2030.0;1
31500;;;BRONZE;DOLLARS;1964.0;1
31700;;;SILVER;DOLLARS;2033.0;1
31700;;;GOLD;DOLLARS;9998.0;1
31700;;;GOLD;DOLLARS;9998.0;3
31700;;;BRONZE;DOLLARS;1966.0;1
32000;;;GOLD;DOLLARS;10002.0;1
32200;;;SILVER;DOLLARS;2032.0;1
32200;;;BRONZE;DOLLARS;1963.0;1
32300;;;GOLD;DOLLARS;10002.0;1
32700;;;GOLD;DOLLARS;10002.0;1
32800;;;SILVER;DOLLARS;2030.0;5
32800;;;BRONZE;DOLLARS;1957.0;5
33600;;;SILVER;DOLLARS;2030.0;1
33600;;;BRONZE;DOLLARS;1955.0;1
33700;;;GOLD;DOLLARS;9998.0;1
33800;;;GOLD;DOLLARS;10002.0;1
33900;;;SILVER;DOLLARS;2033.0;2
33900;;;GOLD;DOLLARS;10005.0;2
33900;;;BRONZE;DOLLARS;1959.0;2
34200;;;SILVER;DOLLARS;2030.0;1
34200;;;SILVER;DOLLARS;2030.0;1
34200;;;GOLD;DOLLARS;9996.0;1
34200;;;GOLD;DOLLARS;9995.0;2
34200;;;GOLD;DOLLARS;9996.0;2
34200;;;BRONZE;DOLLARS;1957.0;1
34200;;;BRONZE;DOLLARS;1957.0;1
34300;;;SILVER;DOLLARS;2030.0;1
34300;;;SILVER;DOLLARS;2030.0;1
34300;;;SILVER;DOLLARS;2030.0;9
34300;;;BRONZE;DOLLARS;1957.0;1
34300;;;BRONZE;DOLLARS;1957.0;10
34400;;;SILVER;DOLLARS;2030.0;1
34400;;;BRONZE;DOLLARS;1957.0;1
34700;;;GOLD;DOLLARS;9998.0;5
34800;;;GOLD;DOLLARS;10002.0;1
34900;;;BRONZE;DOLLARS;1959.0;1
35200;;;SILVER;DOLLARS;2030.0;1
35200;;;BRONZE;DOLLARS;1958.0;1
35500;;;SILVER;DOLLARS;2030.0;1
35600;;;SILVER;DOLLARS;2030.0;1
35600;;;BRONZE;DOLLARS;1957.0;1
35700;;;GOLD;DOLLARS;10002.0;1
35700;;;GOLD;DOLLARS;10002.0;1
35900;;;SILVER;DOLLARS;2032.0;1
35900;;;BRONZE;DOLLARS;1960.0;1
36000;;;GOLD;DOLLARS;9998.0;1
36300;;;SILVER;DOLLARS;2030.0;1
36500;;;GOLD;DOLLARS;9996.0;1
36700;;;SILVER;DOLLARS;2030.0;1
36700;;;SILVER;DOLLARS;2030.0;1
36700;;;GOLD;DOLLARS;10002.0;1
36700;;;BRONZE;DOLLARS;1957.0;1
36800;;;GOLD;DOLLARS;10002.0;1
36800;;;BRONZE;DOLLARS;1961.0;3
37100;;;SILVER;DOLLARS;2032.0;1
37100;;;BRONZE;DOLLARS;1963.0;1
37200;;;GOLD;DOLLARS;9998.0;1
37300;;;GOLD;DOLLARS;10002.0;7
37300;;;GOLD;DOLLARS;10002.0;5
37400;;;SILVER;DOLLARS;2029.0;9
37400;;;BRONZE;DOLLARS;1958.0;9
37700;;;SILVER;DOLLARS;2032.0;1
37700;;;BRONZE;DOLLARS;1959.0;1
37900;;;SILVER;DOLLARS;2032.0;1
37900;;;SILVER;DOLLARS;2030.0;9
37900;;;BRONZE;DOLLARS;1959.0;1
37900;;;BRONZE;DOLLARS;1957.0;9
38100;;;SILVER;DOLLARS;2030.0;1
38100;;;BRONZE;DOLLARS;1955.0;1
38200;;;GOLD;DOLLARS;9998.0;5
38200;;;GOLD;DOLLARS;9998.0;2
38400;;;SILVER;DOLLARS;2030.0;1
38400;;;BRONZE;DOLLARS;1957.0;1
38500;;;SILVER;DOLLARS;2032.0;1
38500;;;GOLD;DOLLARS;10002.0;1
38500;;;BRONZE;DOLLARS;1958.0;1
38600;;;GOLD;DOLLARS;10002.0;5
38800;;;SILVER;DOLLARS;2032.0;4
38900;;;GOLD;DOLLARS;10002.0;4
39400;;;SILVER;DOLLARS;2032.0;1
39400;;;GOLD;DOLLARS;10004.0;1
39400;;;BRONZE;DOLLARS;1961.0;1
39600;;;SILVER;DOLLARS;2029.0;9
39600;;;GOLD;DOLLARS;10005.0;2
39600;;;BRONZE;DOLLARS;1957.0;9
39700;;;SILVER;DOLLARS;2033.0;1
39700;;;GOLD;DOLLARS;10005.0;8
39700;;;GOLD;DOLLARS;9995.0;2
39700;;;GOLD;DOLLARS;10005.0;1
39700;;;BRONZE;DOLLARS;1961.0;1
40100;;;GOLD;DOLLARS;10002.0;1
40300;;;SILVER;DOLLARS;2029.0;2
40300;;;SILVER;DOLLARS;2029.0;2
40300;;;GOLD;DOLLARS;9996.0;1
40300;;;GOLD;DOLLARS;9996.0;5
40800;;;SILVER;DOLLARS;2032.0;9
40800;;;BRONZE;DOLLARS;1950.0;9
41200;;;SILVER;DOLLARS;2031.0;3
41400;;;SILVER;DOLLARS;2029.0;1
41400;;;BRONZE;DOLLARS;1938.0;1
41500;;;SILVER;DOLLARS;2030.0;2
41500;;;GOLD;DOLLARS;9998.0;1
41500;;;BRONZE;DOLLARS;1942.0;2
41900;;;SILVER;DOLLARS;2029.0;2
41900;;;BRONZE;DOLLARS;1944.0;2
42200;;;SILVER;DOLLARS;2029.0;2
42200;;;GOLD;DOLLARS;9995.0;2
42200;;;BRONZE;DOLLARS;1949.0;2
42300;;;SILVER;DOLLARS;2030.0;1
42300;;;SILVER;DOLLARS;2030.0;6
42300;;;SILVER;DOLLARS;2032.0;1
42300;;;SILVER;DOLLARS;2030.0;1
42300;;;GOLD;DOLLARS;10005.0;1
42300;;;BRONZE;DOLLARS;1947.0;1
42300;;;BRONZE;DOLLARS;1946.0;4
42300;;;BRONZE;DOLLARS;1946.0;2
42300;;;BRONZE;DOLLARS;1948.0;1
42500;;;SILVER;DOLLARS;2028.0;1
42500;;;BRONZE;DOLLARS;1946.0;1
42700;;;SILVER;DOLLARS;2028.0;1
42700;;;BRONZE;DOLLARS;1949.0;1
43200;;;SILVER;DOLLARS;2029.0;2
43200;;;GOLD;DOLLARS;10002.0;1
43200;;;BRONZE;DOLLARS;1949.0;2
43400;;;BRONZE;DOLLARS;1947.0;1
43800;;;GOLD;DOLLARS;9998.0;1
44000;;;GOLD;DOLLARS;10002.0;4
44100;;;SILVER;DOLLARS;2028.0;1
44100;;;SILVER;DOLLARS;2028.0;2
44100;;;GOLD;DOLLARS;9996.0;2
44100;;;BRONZE;DOLLARS;1948.0;1
44100;;;BRONZE;DOLLARS;1948.0;2
44200;;;GOLD;DOLLARS;9998.0;2
44500;;;SILVER;DOLLARS;2028.0;1
44500;;;GOLD;DOLLARS;9996.0;1
44500;;;BRONZE;DOLLARS;1947.0;1
44700;;;SILVER;DOLLARS;2028.0;1
44700;;;GOLD;DOLLARS;9996.0;1
44700;;;BRONZE;DOLLARS;1948.0;1
45100;;;SILVER;DOLLARS;2029.0;7
45100;;;GOLD;DOLLARS;9998.0;1
45100;;;BRONZE;DOLLARS;1947.0;7
45300;;;SILVER;DOLLARS;2029.0;1
45300;;;SILVER;DOLLARS;2032.0;15
45300;;;GOLD;DOLLARS;9998.0;1
45300;;;BRONZE;DOLLARS;1947.0;1
45300;;;BRONZE;DOLLARS;1950.0;15
45600;;;SILVER;DOLLARS;2031.0;1
45600;;;BRONZE;DOLLARS;1949.0;1
46000;;;GOLD;DOLLARS;9996.0;2
46000;;;GOLD;DOLLARS;9996.0;1
46000;;;GOLD;DOLLARS;9998.0;5
46100;;;SILVER;DOLLARS;2029.0;1
46300;;;SILVER;DOLLARS;2031.0;1
46300;;;BRONZE;DOLLARS;1948.0;1
46400;;;BRONZE;DOLLARS;1948.0;10
46500;;;SILVER;DOLLARS;2030.0;1
46500;;;BRONZE;DOLLARS;1946.0;1
46800;;;SILVER;DOLLARS;2030.0;5
46800;;;GOLD;DOLLARS;9998.0;1
46800;;;BRONZE;DOLLARS;1948.0;5
46900;;;SILVER;DOLLARS;2032.0;1
46900;;;BRONZE;DOLLARS;1949.0;1
47000;;;SILVER;DOLLARS;2029.0;2
47000;;;GOLD;DOLLARS;9995.0;2
47000;;;BRONZE;DOLLARS;1948.0;2
47100;;;BRONZE;DOLLARS;1947.0;1
47200;;;SILVER;DOLLARS;2032.0;1
47200;;;BRONZE;DOLLARS;1949.0;1
47200;;;BRONZE;DOLLARS;1949.0;3
47200;;;BRONZE;DOLLARS;1949.0;1
47600;;;SILVER;DOLLARS;2030.0;2
47600;;;GOLD;DOLLARS;9995.0;2
47600;;;BRONZE;DOLLARS;1945.0;2
47700;;;GOLD;DOLLARS;9998.0;1
48300;;;SILVER;DOLLARS;2031.0;1
48300;;;BRONZE;DOLLARS;1950.0;1
48400;;;SILVER;DOLLARS;2032.0;5
48400;;;BRONZE;DOLLARS;1953.0;5
48700;;;GOLD;DOLLARS;10002.0;2
48900;;;SILVER;DOLLARS;2029.0;1
48900;;;BRONZE;DOLLARS;1952.0;1
49100;;;SILVER;DOLLARS;2029.0;2
49100;;;GOLD;DOLLARS;9998.0;2
49100;;;BRONZE;DOLLARS;1951.0;2
49300;;;SILVER;DOLLARS;2031.0;1
49700;;;GOLD;DOLLARS;10002.0;1
49800;;;GOLD;DOLLARS;9998.0;1
49900;;;GOLD;DOLLARS;10002.0;1
50100;;;SILVER;DOLLARS;2032.0;8
50100;;;SILVER;DOLLARS;2032.0;2
50100;;;GOLD;DOLLARS;10004.0;2
50100;;;BRONZE;DOLLARS;1956.0;8
50100;;;BRONZE;DOLLARS;1956.0;2
50300;;;GOLD;DOLLARS;10002.0;1
50400;;;GOLD;DOLLARS;10002.0;4
50600;;;SILVER;DOLLARS;2031.0;1
50600;;;BRONZE;DOLLARS;1954.0;1
50800;;;GOLD;DOLLARS;9998.0;1
51300;;;SILVER;DOLLARS;2029.0;9
51300;;;BRONZE;DOLLARS;1948.0;9
51600;;;SILVER;DOLLARS;2029.0;13
51600;;;BRONZE;DOLLARS;1949.0;13
52000;;;SILVER;DOLLARS;2029.0;3
52000;;;SILVER;DOLLARS;2029.0;7
52000;;;BRONZE;DOLLARS;1951.0;3
52000;;;BRONZE;DOLLARS;1951.0;1
52000;;;BRONZE;DOLLARS;1951.0;6
52300;;;SILVER;DOLLARS;2031.0;5
52300;;;SILVER;DOLLARS;2031.0;1
52300;;;SILVER;DOLLARS;2029.0;2
52300;;;BRONZE;DOLLARS;1949.0;1
52300;;;BRONZE;DOLLARS;1948.0;5
52600;;;SILVER;DOLLARS;2029.0;15
52600;;;BRONZE;DOLLARS;1948.0;15
52700;;;SILVER;DOLLARS;2029.0;2
52700;;;GOLD;DOLLARS;9995.0;2
52700;;;GOLD;DOLLARS;9998.0;1
52700;;;BRONZE;DOLLARS;1947.0;2
53200;;;SILVER;DOLLARS;2033.0;12
53200;;;BRONZE;DOLLARS;1952.0;12
53400;;;SILVER;DOLLARS;2030.0;1
53400;;;BRONZE;DOLLARS;1951.0;1
53500;;;SILVER;DOLLARS;2029.0;8
53500;;;BRONZE;DOLLARS;1950.0;8
53600;;;SILVER;DOLLARS;2029.0;1
53600;;;GOLD;DOLLARS;9998.0;2
53600;;;BRONZE;DOLLARS;1950.0;1
53900;;;SILVER;DOLLARS;2031.0;1
53900;;;SILVER;DOLLARS;2029.0;5
53900;;;BRONZE;DOLLARS;1952.0;1
53900;;;BRONZE;DOLLARS;1949.0;5
54400;;;SILVER;DOLLARS;2029.0;1
54400;;;BRONZE;DOLLARS;1951.0;1
54500;;;BRONZE;DOLLARS;1950.0;1
54700;;;GOLD;DOLLARS;9998.0;1
55000;;;SILVER;DOLLARS;2029.0;3
55000;;;SILVER;DOLLARS;2029.0;1
55000;;;SILVER;DOLLARS;2029.0;8
55000;;;SILVER;DOLLARS;2032.0;1
55000;;;GOLD;DOLLARS;9998.0;1
55000;;;BRONZE;DOLLARS;1949.0;3
55000;;;BRONZE;DOLLARS;1949.0;1
55000;;;BRONZE;DOLLARS;1949.0;1
56600;;;GOLD;DOLLARS;10004.0;1
56700;;;SILVER;DOLLARS;2029.0;1
56700;;;BRONZE;DOLLARS;1947.0;1
56800;;;SILVER;DOLLARS;2029.0;1
56800;;;BRONZE;DOLLARS;1946.0;1
57000;;;SILVER;DOLLARS;2029.0;13
57000;;;SILVER;DOLLARS;2029.0;2
57000;;;GOLD;DOLLARS;9995.0;2
57000;;;BRONZE;DOLLARS;1946.0;13
57000;;;BRONZE;DOLLARS;1946.0;2
57300;;;GOLD;DOLLARS;10002.0;1
57400;;;SILVER;DOLLARS;2029.0;1
57400;;;BRONZE;DOLLARS;1942.0;1
58000;;;SILVER;DOLLARS;2032.0;1
58000;;;BRONZE;DOLLARS;1948.0;1
58100;;;SILVER;DOLLARS;2030.0;1
58100;;;BRONZE;DOLLARS;1946.0;1
58400;;;SILVER;DOLLARS;2030.0;4
58800;;;GOLD;DOLLARS;9998.0;1
58900;;;GOLD;DOLLARS;9998.0;1
59000;;;GOLD;DOLLARS;9998.0;9
59100;;;GOLD;DOLLARS;9998.0;2
59300;;;GOLD;DOLLARS;9998.0;1
59300;;;GOLD;DOLLARS;9998.0;2
59400;;;GOLD;DOLLARS;10002.0;3
59800;;;SILVER;DOLLARS;2030.0;5
59800;;;BRONZE;DOLLARS;1949.0;5
59900;;;SILVER;DOLLARS;2032.0;2
59900;;;GOLD;DOLLARS;10004.0;2
59900;;;GOLD;DOLLARS;10002.0;1
59900;;;BRONZE;DOLLARS;1949.0;2
60100;;;SILVER;DOLLARS;2029.0;9
60100;;;GOLD;DOLLARS;9998.0;1
60100;;;BRONZE;DOLLARS;1946.0;9
60200;;;GOLD;DOLLARS;9998.0;1
60400;;;GOLD;DOLLARS;9998.0;2
60500;;;SILVER;DOLLARS;2029.0;15
60500;;;SILVER;DOLLARS;2029.0;1
60500;;;GOLD;DOLLARS;9996.0;1
60500;;;BRONZE;DOLLARS;1944.0;15
60500;;;BRONZE;DOLLARS;1944.0;1
61000;;;SILVER;DOLLARS;2029.0;8
61000;;;SILVER;DOLLARS;2032.0;1
61000;;;GOLD;DOLLARS;10004.0;1
61000;;;BRONZE;DOLLARS;1944.0;8
61000;;;BRONZE;DOLLARS;1947.0;1
61100;;;SILVER;DOLLARS;2032.0;9
61100;;;BRONZE;DOLLARS;1947.0;9
61500;;;GOLD;DOLLARS;10002.0;6
62200;;;SILVER;DOLLARS;2029.0;1
62200;;;BRONZE;DOLLARS;1946.0;1
62800;;;GOLD;DOLLARS;9996.0;1
62800;;;GOLD;DOLLARS;9996.0;7
62900;;;SILVER;DOLLARS;2031.0;1
62900;;;GOLD;DOLLARS;10004.0;1
62900;;;BRONZE;DOLLARS;1948.0;1
63000;;;SILVER;DOLLARS;2029.0;5
63500;;;GOLD;DOLLARS;9998.0;1
63700;;;SILVER;DOLLARS;2029.0;1
63700;;;GOLD;DOLLARS;9998.0;1
63700;;;BRONZE;DOLLARS;1947.0;1
63800;;;BRONZE;DOLLARS;1946.0;1
63900;;;SILVER;DOLLARS;2029.0;1
63900;;;BRONZE;DOLLARS;1946.0;1
64400;;;SILVER;DOLLARS;2029.0;1
64400;;;BRONZE;DOLLARS;1945.0;1
64600;;;SILVER;DOLLARS;2029.0;1
64600;;;BRONZE;DOLLARS;1946.0;1
64900;;;SILVER;DOLLARS;2029.0;1
64900;;;BRONZE;DOLLARS;1945.0;1
65100;;;SILVER;DOLLARS;2031.0;1
65100;;;GOLD;DOLLARS;10004.0;1
65100;;;BRONZE;DOLLARS;1947.0;1
65300;;;GOLD;DOLLARS;10002.0;1
65300;;;BRONZE;DOLLARS;1951.0;5
65300;;;BRONZE;DOLLARS;1951.0;1
65400;;;GOLD;DOLLARS;9998.0;1
66000;;;SILVER;DOLLARS;2030.0;2
66000;;;GOLD;DOLLARS;9996.0;1
66000;;;BRONZE;DOLLARS;1954.0;2
66100;;;SILVER;DOLLARS;2033.0;8
66100;;;GOLD;DOLLARS;9995.0;6
66100;;;BRONZE;DOLLARS;1957.0;8
66500;;;SILVER;DOLLARS;2029.0;1
66500;;;BRONZE;DOLLARS;1953.0;1
66600;;;SILVER;DOLLARS;2030.0;1
66600;;;SILVER;DOLLARS;2030.0;9
66600;;;BRONZE;DOLLARS;1952.0;1
66600;;;BRONZE;DOLLARS;1952.0;9
66900;;;BRONZE;DOLLARS;1954.0;2
67000;;;GOLD;DOLLARS;10002.0;4
67100;;;SILVER;DOLLARS;2030.0;1
67100;;;GOLD;DOLLARS;9996.0;1
67100;;;BRONZE;DOLLARS;1954.0;1
67700;;;SILVER;DOLLARS;2033.0;11
67700;;;GOLD;DOLLARS;10002.0;1
67700;;;BRONZE;DOLLARS;1959.0;11
67900;;;SILVER;DOLLARS;2033.0;15
67900;;;BRONZE;DOLLARS;1960.0;15
69200;;;SILVER;DOLLARS;2030.0;1
69200;;;SILVER;DOLLARS;2030.0;6
69200;;;BRONZE;DOLLARS;1958.0;7
69400;;;GOLD;DOLLARS;10002.0;4
69500;;;GOLD;DOLLARS;10002.0;1
69500;;;GOLD;DOLLARS;10002.0;1
69600;;;SILVER;DOLLARS;2030.0;1
69600;;;SILVER;DOLLARS;2030.0;1
69600;;;SILVER;DOLLARS;2030.0;6
69600;;;GOLD;DOLLARS;10002.0;1
69600;;;BRONZE;DOLLARS;1958.0;8
69600;;;BRONZE;DOLLARS;1962.0;1
69800;;;SILVER;DOLLARS;2030.0;1
69800;;;BRONZE;DOLLARS;1960.0;1
69900;;;SILVER;DOLLARS;2033.0;15
69900;;;BRONZE;DOLLARS;1964.0;15
70200;;;BRONZE;DOLLARS;1960.0;3
70400;;;GOLD;DOLLARS;10002.0;5
70600;;;GOLD;DOLLARS;9996.0;2
70700;;;SILVER;DOLLARS;2033.0;2
70700;;;GOLD;DOLLARS;10002.0;2
70700;;;BRONZE;DOLLARS;1963.0;2
70800;;;SILVER;DOLLARS;2030.0;1
70800;;;BRONZE;DOLLARS;1961.0;1
70900;;;SILVER;DOLLARS;2033.0;1
70900;;;GOLD;DOLLARS;10005.0;12
70900;;;GOLD;DOLLARS;10005.0;1
70900;;;BRONZE;DOLLARS;1964.0;1
71000;;;SILVER;DOLLARS;2032.0;1
71400;;;SILVER;DOLLARS;2029.0;1
71400;;;SILVER;DOLLARS;2031.0;6
71400;;;BRONZE;DOLLARS;1961.0;1
71400;;;BRONZE;DOLLARS;1962.0;6
72400;;;SILVER;DOLLARS;2028.0;9
72400;;;BRONZE;DOLLARS;1964.0;9
72500;;;SILVER;DOLLARS;2032.0;1
72500;;;GOLD;DOLLARS;10004.0;1
72500;;;BRONZE;DOLLARS;1967.0;1
73200;;;SILVER;DOLLARS;2029.0;1
73200;;;SILVER;DOLLARS;2029.0;1
73200;;;SILVER;DOLLARS;2029.0;4
73200;;;BRONZE;DOLLARS;1962.0;1
73200;;;BRONZE;DOLLARS;1962.0;5
73400;;;GOLD;DOLLARS;9998.0;1
73700;;;SILVER;DOLLARS;2031.0;1
73700;;;BRONZE;DOLLARS;1965.0;1
74300;;;SILVER;DOLLARS;2031.0;1
74300;;;BRONZE;DOLLARS;1962.0;1
74400;;;SILVER;DOLLARS;2031.0;1
74400;;;SILVER;DOLLARS;2031.0;2
74400;;;BRONZE;DOLLARS;1962.0;1
74400;;;BRONZE;DOLLARS;1962.0;2
74600;;;SILVER;DOLLARS;2029.0;1
74600;;;GOLD;DOLLARS;10004.0;2
74600;;;BRONZE;DOLLARS;1956.0;1
74800;;;GOLD;DOLLARS;9998.0;2
74900;;;GOLD;DOLLARS;9998.0;1
75300;;;BRONZE;DOLLARS;1954.0;1
75600;;;SILVER;DOLLARS;2033.0;13
75600;;;BRONZE;DOLLARS;1959.0;13
75800;;;SILVER;DOLLARS;2033.0;1
75800;;;GOLD;DOLLARS;10004.0;1
75800;;;BRONZE;DOLLARS;1963.0;1
76300;;;SILVER;DOLLARS;2029.0;1
76300;;;BRONZE;DOLLARS;1961.0;1
76400;;;SILVER;DOLLARS;2030.0;3
76400;;;BRONZE;DOLLARS;1962.0;3
76800;;;SILVER;DOLLARS;2029.0;1
76800;;;BRONZE;DOLLARS;1961.0;1
76900;;;SILVER;DOLLARS;2029.0;4
76900;;;BRONZE;DOLLARS;1961.0;4
77100;;;SILVER;DOLLARS;2029.0;1
77100;;;BRONZE;DOLLARS;1963.0;1
77400;;;SILVER;DOLLARS;2028.0;4
77400;;;BRONZE;DOLLARS;1966.0;4
77700;;;GOLD;DOLLARS;9998.0;1
78000;;;SILVER;DOLLARS;2027.0;1
78100;;;GOLD;DOLLARS;10002.0;1
78400;;;GOLD;DOLLARS;10004.0;2
78400;;;GOLD;DOLLARS;10004.0;5
78600;;;GOLD;DOLLARS;9996.0;2
78700;;;SILVER;DOLLARS;2029.0;10
78700;;;BRONZE;DOLLARS;1974.0;10
78800;;;SILVER;DOLLARS;2028.0;1
78800;;;BRONZE;DOLLARS;1972.0;1
79100;;;SILVER;DOLLARS;2027.0;1
79100;;;BRONZE;DOLLARS;1970.0;1
79300;;;SILVER;DOLLARS;2025.0;1
79300;;;GOLD;DOLLARS;9996.0;1
79300;;;BRONZE;DOLLARS;1968.0;1
79500;;;SILVER;DOLLARS;2028.0;1
79500;;;GOLD;DOLLARS;10004.0;1
79500;;;BRONZE;DOLLARS;1972.0;1
79800;;;SILVER;DOLLARS;2027.0;1
79900;;;SILVER;DOLLARS;2026.0;2
79900;;;GOLD;DOLLARS;9998.0;2
79900;;;BRONZE;DOLLARS;1969.0;2
80300;;;GOLD;DOLLARS;9998.0;3
80400;;;SILVER;DOLLARS;2025.0;1
80400;;;SILVER;DOLLARS;2025.0;1
80400;;;SILVER;DOLLARS;2025.0;1
80400;;;GOLD;DOLLARS;9998.0;1
80400;;;BRONZE;DOLLARS;1967.0;1
80400;;;BRONZE;DOLLARS;1967.0;2
80600;;;GOLD;DOLLARS;9998.0;1
80700;;;SILVER;DOLLARS;2027.0;1
80700;;;SILVER;DOLLARS;2028.0;14
80700;;;GOLD;DOLLARS;9998.0;1
81500;;;SILVER;DOLLARS;2026.0;1
81500;;;GOLD;DOLLARS;10002.0;1
81500;;;BRONZE;DOLLARS;1962.0;1
81700;;;SILVER;DOLLARS;2026.0;1
81700;;;BRONZE;DOLLARS;1964.0;1
81800;;;BRONZE;DOLLARS;1966.0;1
81900;;;SILVER;DOLLARS;2026.0;4
81900;;;BRONZE;DOLLARS;1966.0;4
82000;;;SILVER;DOLLARS;2026.0;1
82000;;;BRONZE;DOLLARS;1965.0;1
82100;;;SILVER;DOLLARS;2026.0;14
82100;;;BRONZE;DOLLARS;1966.0;14
82200;;;GOLD;DOLLARS;9998.0;4
82500;;;SILVER;DOLLARS;2028.0;1
82700;;;SILVER;DOLLARS;2026.0;1
82700;;;BRONZE;DOLLARS;1962.0;1
83000;;;GOLD;DOLLARS;9998.0;1
83400;;;SILVER;DOLLARS;2025.0;7
83400;;;GOLD;DOLLARS;10002.0;1
83400;;;BRONZE;DOLLARS;1966.0;7
83800;;;SILVER;DOLLARS;2029.0;1
83800;;;GOLD;DOLLARS;10005.0;1
83800;;;BRONZE;DOLLARS;1970.0;1
84100;;;SILVER;DOLLARS;2028.0;1
84100;;;GOLD;DOLLARS;10002.0;1
84500;;;SILVER;DOLLARS;2027.0;1
84500;;;SILVER;DOLLARS;2026.0;2
84500;;;GOLD;DOLLARS;9996.0;1
84500;;;BRONZE;DOLLARS;1968.0;13
84500;;;BRONZE;DOLLARS;1968.0;2
84600;;;SILVER;DOLLARS;2030.0;7
84600;;;BRONZE;DOLLARS;1972.0;7
84800;;;SILVER;DOLLARS;2029.0;1
84800;;;GOLD;DOLLARS;10002.0;1
84800;;;BRONZE;DOLLARS;1972.0;1
85200;;;SILVER;DOLLARS;2029.0;1
85200;;;GOLD;DOLLARS;10002.0;1
85200;;;BRONZE;DOLLARS;1971.0;1
85400;;;SILVER;DOLLARS;2029.0;1
85400;;;BRONZE;DOLLARS;1972.0;1
85500;;;GOLD;DOLLARS;9998.0;7
85600;;;GOLD;DOLLARS;9996.0;2
85800;;;GOLD;DOLLARS;10002.0;1
85900;;;GOLD;DOLLARS;9996.0;1
86200;;;GOLD;DOLLARS;9998.0;2
86600;;;SILVER;DOLLARS;2028.0;1
86600;;;BRONZE;DOLLARS;1968.0;1
86900;;;SILVER;DOLLARS;2029.0;1
86900;;;BRONZE;DOLLARS;1969.0;1
86900;;;BRONZE;DOLLARS;1968.0;1
87100;;;SILVER;DOLLARS;2028.0;5
87100;;;GOLD;DOLLARS;9998.0;1
87100;;;BRONZE;DOLLARS;1965.0;5
87200;;;SILVER;DOLLARS;2027.0;7
87200;;;BRONZE;DOLLARS;1964.0;7
87300;;;SILVER;DOLLARS;2029.0;1
87300;;;BRONZE;DOLLARS;1965.0;1
87500;;;SILVER;DOLLARS;2029.0;1
87500;;;BRONZE;DOLLARS;1964.0;1
87900;;;BRONZE;DOLLARS;1963.0;1
88500;;;GOLD;DOLLARS;10002.0;1
88600;;;GOLD;DOLLARS;10002.0;1
88700;;;GOLD;DOLLARS;9995.0;8
88800;;;SILVER;DOLLARS;2028.0;4
88900;;;GOLD;DOLLARS;10002.0;1
88900;;;GOLD;DOLLARS;10002.0;4
89100;;;SILVER;DOLLARS;2031.0;2
89100;;;GOLD;DOLLARS;10005.0;2
89100;;;BRONZE;DOLLARS;1966.0;2
89300;;;SILVER;DOLLARS;2028.0;2
89300;;;GOLD;DOLLARS;9996.0;2
89300;;;BRONZE;DOLLARS;1965.0;2
89500;;;SILVER;DOLLARS;2030.0;1
89500;;;BRONZE;DOLLARS;1967.0;1
89800;;;SILVER;DOLLARS;2031.0;2
89800;;;GOLD;DOLLARS;9998.0;1
89800;;;GOLD;DOLLARS;10004.0;1
89800;;;GOLD;DOLLARS;10005.0;2
89800;;;BRONZE;DOLLARS;1966.0;2
90200;;;GOLD;DOLLARS;9998.0;1
90200;;;GOLD;DOLLARS;9998.0;2
90400;;;GOLD;DOLLARS;9996.0;1
90800;;;SILVER;DOLLARS;2028.0;2
90800;;;SILVER;DOLLARS;2028.0;3
90800;;;BRONZE;DOLLARS;1965.0;4
90800;;;BRONZE;DOLLARS;1965.0;1
91200;;;SILVER;DOLLARS;2030.0;1
91200;;;SILVER;DOLLARS;2029.0;2
91200;;;GOLD;DOLLARS;10002.0;1
91200;;;BRONZE;DOLLARS;1967.0;1
91200;;;BRONZE;DOLLARS;1966.0;2
91300;;;GOLD;DOLLARS;9998.0;1
91300;;;GOLD;DOLLARS;9998.0;7
91300;;;GOLD;DOLLARS;9998.0;0
91300;;;GOLD;DOLLARS;9998.0;2
91400;;;BRONZE;DOLLARS;1965.0;1
91600;;;SILVER;DOLLARS;2028.0;1
91600;;;GOLD;DOLLARS;9998.0;1
91600;;;BRONZE;DOLLARS;1965.0;1
91800;;;GOLD;DOLLARS;9998.0;3
91900;;;GOLD;DOLLARS;9998.0;1
92400;;;SILVER;DOLLARS;2029.0;1
92400;;;BRONZE;DOLLARS;1963.0;1
92900;;;SILVER;DOLLARS;2026.0;8
92900;;;BRONZE;DOLLARS;1964.0;8
93200;;;SILVER;DOLLARS;2030.0;2
93200;;;GOLD;DOLLARS;10004.0;2
93200;;;GOLD;DOLLARS;10005.0;2
93200;;;GOLD;DOLLARS;10004.0;10
93200;;;GOLD;DOLLARS;10002.0;3
93200;;;BRONZE;DOLLARS;1968.0;2
93300;;;GOLD;DOLLARS;10002.0;1
93700;;;SILVER;DOLLARS;2029.0;1
93700;;;BRONZE;DOLLARS;1968.0;1
94000;;;SILVER;DOLLARS;2029.0;1
94000;;;BRONZE;DOLLARS;1969.0;1
94400;;;SILVER;DOLLARS;2027.0;9
94400;;;GOLD;DOLLARS;9998.0;1
94400;;;BRONZE;DOLLARS;1968.0;9
94700;;;SILVER;DOLLARS;2030.0;10
94700;;;SILVER;DOLLARS;2030.0;10
94700;;;SILVER;DOLLARS;2030.0;4
94700;;;BRONZE;DOLLARS;1970.0;10
94700;;;BRONZE;DOLLARS;1970.0;10
94700;;;BRONZE;DOLLARS;1970.0;4
95500;;;GOLD;DOLLARS;9998.0;1
95700;;;GOLD;DOLLARS;9998.0;1
95800;;;SILVER;DOLLARS;2028.0;2
95800;;;GOLD;DOLLARS;9996.0;2
95800;;;GOLD;DOLLARS;9998.0;1
95800;;;BRONZE;DOLLARS;1970.0;2
96600;;;SILVER;DOLLARS;2028.0;1
96600;;;GOLD;DOLLARS;10002.0;1
96600;;;BRONZE;DOLLARS;1970.0;1
96900;;;SILVER;DOLLARS;2030.0;1
96900;;;BRONZE;DOLLARS;1975.0;1
97100;;;SILVER;DOLLARS;2030.0;4
97100;;;SILVER;DOLLARS;2030.0;1
97100;;;GOLD;DOLLARS;10004.0;1
97100;;;BRONZE;DOLLARS;1974.0;4
97100;;;BRONZE;DOLLARS;1974.0;1
97200;;;SILVER;DOLLARS;2028.0;14
97200;;;BRONZE;DOLLARS;1971.0;14
97800;;;SILVER;DOLLARS;2031.0;1
97800;;;GOLD;DOLLARS;10005.0;1
97800;;;BRONZE;DOLLARS;1975.0;1
98700;;;SILVER;DOLLARS;2030.0;2
98700;;;GOLD;DOLLARS;10004.0;2
98700;;;BRONZE;DOLLARS;1972.0;2
98800;;;SILVER;DOLLARS;2028.0;2
98800;;;GOLD;DOLLARS;9996.0;1
98800;;;GOLD;DOLLARS;9996.0;1
98800;;;GOLD;DOLLARS;9998.0;1
98800;;;BRONZE;DOLLARS;1970.0;2
99300;;;SILVER;DOLLARS;2028.0;3
99400;;;SILVER;DOLLARS;2030.0;1
99400;;;BRONZE;DOLLARS;1964.0;1
99800;;;SILVER;DOLLARS;2028.0;3
99800;;;SILVER;DOLLARS;2028.0;1
99800;;;GOLD;DOLLARS;9998.0;1
99800;;;BRONZE;DOLLARS;1967.0;3
99800;;;BRONZE;DOLLARS;1967.0;1
100100;;;SILVER;DOLLARS;2028.0;1
100100;;;BRONZE;DOLLARS;1967.0;1
100400;;;SILVER;DOLLARS;2028.0;1
100400;;;GOLD;DOLLARS;9998.0;1
100400;;;BRONZE;DOLLARS;1967.0;1
100600;;;SILVER;DOLLARS;2030.0;1
100600;;;GOLD;DOLLARS;9998.0;1
100600;;;BRONZE;DOLLARS;1969.0;1
100900;;;GOLD;DOLLARS;10002.0;1
101100;;;BRONZE;DOLLARS;1968.0;1
101700;;;SILVER;DOLLARS;2029.0;1
101700;;;GOLD;DOLLARS;10002.0;1
101700;;;BRONZE;DOLLARS;1969.0;1
101900;;;SILVER;DOLLARS;2029.0;8
101900;;;SILVER;DOLLARS;2032.0;14
101900;;;BRONZE;DOLLARS;1971.0;8
102300;;;SILVER;DOLLARS;2029.0;1
102300;;;SILVER;DOLLARS;2031.0;1
102300;;;GOLD;DOLLARS;10005.0;1
102300;;;BRONZE;DOLLARS;1971.0;1
102300;;;BRONZE;DOLLARS;1973.0;1
102400;;;SILVER;DOLLARS;2029.0;5
102400;;;BRONZE;DOLLARS;1971.0;5
102600;;;SILVER;DOLLARS;2029.0;14
102600;;;GOLD;DOLLARS;9998.0;1
102600;;;BRONZE;DOLLARS;1970.0;14
102900;;;SILVER;DOLLARS;2031.0;1
102900;;;BRONZE;DOLLARS;1972.0;1
103100;;;SILVER;DOLLARS;2030.0;6
103100;;;BRONZE;DOLLARS;1970.0;6
103700;;;GOLD;DOLLARS;9998.0;1
103900;;;GOLD;DOLLARS;9998.0;1
104000;;;GOLD;DOLLARS;9998.0;2
104800;;;GOLD;DOLLARS;9998.0;2
105000;;;GOLD;DOLLARS;9995.0;5
105500;;;SILVER;DOLLARS;2029.0;1
105500;;;BRONZE;DOLLARS;1967.0;1
105700;;;GOLD;DOLLARS;9998.0;3
105800;;;SILVER;DOLLARS;2030.0;5
105800;;;BRONZE;DOLLARS;1965.0;5
106100;;;GOLD;DOLLARS;10002.0;1
106300;;;SILVER;DOLLARS;2029.0;1
106400;;;SILVER;DOLLARS;2029.0;1
106400;;;SILVER;DOLLARS;2029.0;12
106400;;;BRONZE;DOLLARS;1960.0;12
106400;;;BRONZE;DOLLARS;1961.0;1
106500;;;SILVER;DOLLARS;2032.0;1
106500;;;GOLD;DOLLARS;10005.0;1
106500;;;BRONZE;DOLLARS;1964.0;1
106800;;;SILVER;DOLLARS;2028.0;1
106800;;;GOLD;DOLLARS;9998.0;1
106800;;;BRONZE;DOLLARS;1962.0;1
107000;;;SILVER;DOLLARS;2029.0;1
107000;;;BRONZE;DOLLARS;1961.0;1
107600;;;SILVER;DOLLARS;2029.0;1
107600;;;BRONZE;DOLLARS;1959.0;1
107800;;;SILVER;DOLLARS;2029.0;1
107800;;;GOLD;DOLLARS;9996.0;1
107800;;;BRONZE;DOLLARS;1959.0;1
107900;;;SILVER;DOLLARS;2031.0;1
107900;;;BRONZE;DOLLARS;1962.0;1
108000;;;SILVER;DOLLARS;2029.0;5
108000;;;BRONZE;DOLLARS;1960.0;5
108300;;;SILVER;DOLLARS;2029.0;1
108300;;;GOLD;DOLLARS;9998.0;1
108300;;;BRONZE;DOLLARS;1959.0;1
108600;;;GOLD;DOLLARS;9998.0;4
108600;;;GOLD;DOLLARS;9998.0;1
108800;;;SILVER;DOLLARS;2032.0;2
108800;;;SILVER;DOLLARS;2031.0;1
108800;;;GOLD;DOLLARS;10004.0;2
108800;;;BRONZE;DOLLARS;1965.0;2
108800;;;BRONZE;DOLLARS;1964.0;1
108900;;;GOLD;DOLLARS;9996.0;1
108900;;;GOLD;DOLLARS;9996.0;5
109000;;;SILVER;DOLLARS;2029.0;1
109000;;;BRONZE;DOLLARS;1963.0;9
109100;;;SILVER;DOLLARS;2030.0;5
109100;;;BRONZE;DOLLARS;1966.0;5
109200;;;BRONZE;DOLLARS;1966.0;9
109400;;;BRONZE;DOLLARS;1965.0;1
109600;;;SILVER;DOLLARS;2028.0;1
109600;;;BRONZE;DOLLARS;1963.0;1
109700;;;SILVER;DOLLARS;2031.0;1
109700;;;GOLD;DOLLARS;10004.0;1
109700;;;BRONZE;DOLLARS;1966.0;1
110200;;;SILVER;DOLLARS;2028.0;1
110500;;;SILVER;DOLLARS;2028.0;9
110500;;;BRONZE;DOLLARS;1961.0;9
110600;;;GOLD;DOLLARS;9998.0;1
110700;;;GOLD;DOLLARS;10002.0;1
111000;;;BRONZE;DOLLARS;1963.0;7
111100;;;SILVER;DOLLARS;2027.0;1
111100;;;BRONZE;DOLLARS;1960.0;1
111200;;;SILVER;DOLLARS;2028.0;1
111200;;;BRONZE;DOLLARS;1960.0;1
111300;;;SILVER;DOLLARS;2027.0;1
111300;;;BRONZE;DOLLARS;1959.0;1
111800;;;SILVER;DOLLARS;2031.0;1
111800;;;GOLD;DOLLARS;10004.0;1
111800;;;BRONZE;DOLLARS;1958.0;1
112000;;;SILVER;DOLLARS;2029.0;2
112300;;;SILVER;DOLLARS;2028.0;1
112300;;;BRONZE;DOLLARS;1957.0;1
113500;;;SILVER;DOLLARS;2030.0;1
113500;;;BRONZE;DOLLARS;1959.0;1
113900;;;GOLD;DOLLARS;10002.0;1
114300;;;SILVER;DOLLARS;2030.0;1
114300;;;GOLD;DOLLARS;10004.0;1
114300;;;BRONZE;DOLLARS;1958.0;1
114500;;;SILVER;DOLLARS;2028.0;1
114500;;;GOLD;DOLLARS;9996.0;2
114500;;;GOLD;DOLLARS;9996.0;9
114500;;;BRONZE;DOLLARS;1958.0;1
114600;;;SILVER;DOLLARS;2032.0;4
114600;;;BRONZE;DOLLARS;1960.0;4
115100;;;SILVER;DOLLARS;2028.0;1
115100;;;BRONZE;DOLLARS;1958.0;1
115100;;;BRONZE;DOLLARS;1960.0;7
116100;;;SILVER;DOLLARS;2031.0;1
116100;;;GOLD;DOLLARS;10005.0;1
116100;;;BRONZE;DOLLARS;1958.0;1
116300;;;GOLD;DOLLARS;9996.0;2
116400;;;SILVER;DOLLARS;2032.0;2
116400;;;GOLD;DOLLARS;9998.0;1
116400;;;BRONZE;DOLLARS;1959.0;2
116600;;;SILVER;DOLLARS;2029.0;3
116600;;;SILVER;DOLLARS;2029.0;1
116600;;;SILVER;DOLLARS;2029.0;0
116600;;;SILVER;DOLLARS;2029.0;8
116600;;;BRONZE;DOLLARS;1956.0;3
116600;;;BRONZE;DOLLARS;1956.0;1
116600;;;BRONZE;DOLLARS;1956.0;0
116600;;;BRONZE;DOLLARS;1956.0;8
116800;;;SILVER;DOLLARS;2028.0;2
116800;;;GOLD;DOLLARS;9995.0;2
116800;;;BRONZE;DOLLARS;1958.0;2
116900;;;SILVER;DOLLARS;2029.0;4
116900;;;BRONZE;DOLLARS;1959.0;4
117100;;;SILVER;DOLLARS;2030.0;1
117100;;;BRONZE;DOLLARS;1958.0;1
117300;;;SILVER;DOLLARS;2030.0;1
117300;;;SILVER;DOLLARS;2028.0;8
117300;;;BRONZE;DOLLARS;1959.0;1
117300;;;BRONZE;DOLLARS;1957.0;8
117500;;;GOLD;DOLLARS;10002.0;2
117800;;;SILVER;DOLLARS;2028.0;3
117800;;;BRONZE;DOLLARS;1952.0;3
117900;;;GOLD;DOLLARS;9998.0;1
118100;;;SILVER;DOLLARS;2030.0;1
118100;;;GOLD;DOLLARS;10005.0;2
118100;;;BRONZE;DOLLARS;1953.0;1
118200;;;SILVER;DOLLARS;2031.0;2
118200;;;GOLD;DOLLARS;10002.0;2
118200;;;BRONZE;DOLLARS;1953.0;2
118300;;;SILVER;DOLLARS;2027.0;4
118300;;;GOLD;DOLLARS;10002.0;3
118300;;;BRONZE;DOLLARS;1949.0;1
118300;;;BRONZE;DOLLARS;1949.0;4
119000;;;GOLD;DOLLARS;9996.0;1
119000;;;GOLD;DOLLARS;9996.0;4
119000;;;GOLD;DOLLARS;9998.0;1
119100;;;GOLD;DOLLARS;10002.0;1
119200;;;SILVER;DOLLARS;2028.0;2
119200;;;GOLD;DOLLARS;9996.0;1
119200;;;GOLD;DOLLARS;9996.0;1
119200;;;BRONZE;DOLLARS;1950.0;2
119800;;;SILVER;DOLLARS;2028.0;1
119800;;;BRONZE;DOLLARS;1952.0;1
119900;;;SILVER;DOLLARS;2030.0;1
119900;;;BRONZE;DOLLARS;1953.0;1
120100;;;SILVER;DOLLARS;2029.0;4
120100;;;BRONZE;DOLLARS;1953.0;4
120100;;;BRONZE;DOLLARS;1953.0;6
120200;;;SILVER;DOLLARS;2028.0;1
120200;;;GOLD;DOLLARS;10002.0;1
120200;;;BRONZE;DOLLARS;1950.0;1
120900;;;SILVER;DOLLARS;2028.0;9
120900;;;GOLD;DOLLARS;10002.0;2
120900;;;BRONZE;DOLLARS;1949.0;9
121000;;;SILVER;DOLLARS;2031.0;1
121000;;;GOLD;DOLLARS;10004.0;1
121000;;;BRONZE;DOLLARS;1952.0;1
121300;;;SILVER;DOLLARS;2028.0;1
121300;;;SILVER;DOLLARS;2031.0;13
121300;;;GOLD;DOLLARS;10004.0;1
121300;;;BRONZE;DOLLARS;1950.0;1
121300;;;BRONZE;DOLLARS;1953.0;13
121600;;;SILVER;DOLLARS;2031.0;2
121600;;;SILVER;DOLLARS;2030.0;1
121600;;;GOLD;DOLLARS;10002.0;2
121600;;;BRONZE;DOLLARS;1956.0;2
121600;;;BRONZE;DOLLARS;1955.0;1
121700;;;SILVER;DOLLARS;2030.0;1
121700;;;BRONZE;DOLLARS;1954.0;1
121800;;;SILVER;DOLLARS;2028.0;1
121800;;;GOLD;DOLLARS;9995.0;1
121800;;;BRONZE;DOLLARS;1952.0;1
122200;;;SILVER;DOLLARS;2028.0;1
122200;;;GOLD;DOLLARS;9996.0;1
122200;;;BRONZE;DOLLARS;1949.0;1
122500;;;SILVER;DOLLARS;2031.0;2
122500;;;GOLD;DOLLARS;10002.0;6
122500;;;GOLD;DOLLARS;10004.0;2
122500;;;GOLD;DOLLARS;10002.0;2
122500;;;BRONZE;DOLLARS;1951.0;2
122600;;;GOLD;DOLLARS;9998.0;4
122700;;;GOLD;DOLLARS;10002.0;5
122800;;;SILVER;DOLLARS;2028.0;1
122800;;;BRONZE;DOLLARS;1949.0;1
123100;;;GOLD;DOLLARS;10002.0;1
123200;;;SILVER;DOLLARS;2030.0;1
123200;;;SILVER;DOLLARS;2030.0;3
123200;;;BRONZE;DOLLARS;1955.0;1
123200;;;BRONZE;DOLLARS;1955.0;3
123500;;;SILVER;DOLLARS;2028.0;1
123500;;;GOLD;DOLLARS;9998.0;2
123500;;;BRONZE;DOLLARS;1952.0;1
123700;;;SILVER;DOLLARS;2028.0;1
123700;;;GOLD;DOLLARS;9996.0;1
123700;;;BRONZE;DOLLARS;1952.0;1
123900;;;SILVER;DOLLARS;2028.0;1
123900;;;GOLD;DOLLARS;9998.0;1
123900;;;BRONZE;DOLLARS;1952.0;1
124000;;;GOLD;DOLLARS;10002.0;1
124200;;;GOLD;DOLLARS;9998.0;5
125200;;;SILVER;DOLLARS;2030.0;1
125200;;;BRONZE;DOLLARS;1958.0;1
125400;;;SILVER;DOLLARS;2031.0;1
125400;;;GOLD;DOLLARS;10004.0;1
125400;;;BRONZE;DOLLARS;1958.0;1
125900;;;SILVER;DOLLARS;2028.0;1
125900;;;GOLD;DOLLARS;9998.0;1
125900;;;BRONZE;DOLLARS;1954.0;1
126200;;;SILVER;DOLLARS;2028.0;1
126200;;;BRONZE;DOLLARS;1956.0;1
126400;;;SILVER;DOLLARS;2031.0;2
126400;;;GOLD;DOLLARS;9998.0;2
126400;;;BRONZE;DOLLARS;1960.0;2
126600;;;SILVER;DOLLARS;2028.0;1
126600;;;BRONZE;DOLLARS;1955.0;1
126700;;;GOLD;DOLLARS;9998.0;1
126700;;;GOLD;DOLLARS;9998.0;1
126900;;;SILVER;DOLLARS;2031.0;1
126900;;;GOLD;DOLLARS;10002.0;1
126900;;;BRONZE;DOLLARS;1959.0;1
127000;;;GOLD;DOLLARS;10002.0;1
127000;;;GOLD;DOLLARS;10002.0;2
127100;;;GOLD;DOLLARS;9998.0;1
127500;;;SILVER;DOLLARS;2031.0;2
127500;;;GOLD;DOLLARS;10002.0;1
127500;;;GOLD;DOLLARS;10002.0;2
127500;;;BRONZE;DOLLARS;1958.0;2
127600;;;SILVER;DOLLARS;2028.0;2
127600;;;BRONZE;DOLLARS;1955.0;2
127800;;;SILVER;DOLLARS;2029.0;5
128000;;;GOLD;DOLLARS;10002.0;2
128100;;;SILVER;DOLLARS;2029.0;2
128100;;;BRONZE;DOLLARS;1956.0;2
128400;;;SILVER;DOLLARS;2029.0;2
128400;;;GOLD;DOLLARS;10002.0;1
128400;;;BRONZE;DOLLARS;1956.0;2
128800;;;SILVER;DOLLARS;2032.0;8
128800;;;BRONZE;DOLLARS;1960.0;8
129000;;;SILVER;DOLLARS;2028.0;1
129000;;;BRONZE;DOLLARS;1957.0;1
129200;;;SILVER;DOLLARS;2028.0;1
129200;;;BRONZE;DOLLARS;1958.0;1
129400;;;SILVER;DOLLARS;2032.0;4
129400;;;GOLD;DOLLARS;9998.0;1
129400;;;BRONZE;DOLLARS;1961.0;4
129500;;;GOLD;DOLLARS;9998.0;1
129700;;;BRONZE;DOLLARS;1959.0;2
129800;;;SILVER;DOLLARS;2032.0;2
129800;;;GOLD;DOLLARS;10005.0;2
129800;;;BRONZE;DOLLARS;1961.0;2
130100;;;SILVER;DOLLARS;2031.0;1
130100;;;BRONZE;DOLLARS;1961.0;1
130300;;;GOLD;DOLLARS;10005.0;2
130400;;;SILVER;DOLLARS;2029.0;3
130400;;;SILVER;DOLLARS;2032.0;1
130400;;;GOLD;DOLLARS;10004.0;1
130400;;;BRONZE;DOLLARS;1959.0;3
130400;;;BRONZE;DOLLARS;1961.0;1
130700;;;SILVER;DOLLARS;2029.0;3
130700;;;SILVER;DOLLARS;2029.0;8
130700;;;BRONZE;DOLLARS;1958.0;3
130700;;;BRONZE;DOLLARS;1958.0;8
130900;;;SILVER;DOLLARS;2029.0;1
130900;;;BRONZE;DOLLARS;1960.0;1
131100;;;SILVER;DOLLARS;2029.0;1
131100;;;SILVER;DOLLARS;2029.0;2
131100;;;BRONZE;DOLLARS;1958.0;1
131100;;;BRONZE;DOLLARS;1958.0;4
131200;;;SILVER;DOLLARS;2029.0;1
131200;;;BRONZE;DOLLARS;1958.0;1
131500;;;SILVER;DOLLARS;2029.0;2
131500;;;GOLD;DOLLARS;9996.0;1
131500;;;BRONZE;DOLLARS;1957.0;2
131900;;;SILVER;DOLLARS;2029.0;2
131900;;;GOLD;DOLLARS;9996.0;1
131900;;;GOLD;DOLLARS;9996.0;1
131900;;;BRONZE;DOLLARS;1959.0;2
132100;;;GOLD;DOLLARS;10002.0;1
132200;;;SILVER;DOLLARS;2032.0;1
132200;;;GOLD;DOLLARS;10004.0;1
132200;;;BRONZE;DOLLARS;1963.0;1
132300;;;SILVER;DOLLARS;2030.0;1
132300;;;GOLD;DOLLARS;9995.0;1
132300;;;GOLD;DOLLARS;9998.0;2
132300;;;GOLD;DOLLARS;9998.0;1
132300;;;BRONZE;DOLLARS;1961.0;1
132600;;;SILVER;DOLLARS;2029.0;1
132600;;;GOLD;DOLLARS;9998.0;1
132600;;;BRONZE;DOLLARS;1958.0;1
132800;;;SILVER;DOLLARS;2029.0;1
132800;;;BRONZE;DOLLARS;1959.0;1
132900;;;SILVER;DOLLARS;2031.0;1
132900;;;BRONZE;DOLLARS;1960.0;1
133000;;;GOLD;DOLLARS;9998.0;2
133200;;;SILVER;DOLLARS;2031.0;1
133200;;;BRONZE;DOLLARS;1960.0;1
133500;;;GOLD;DOLLARS;10005.0;8
133500;;;GOLD;DOLLARS;9998.0;3
133600;;;SILVER;DOLLARS;2029.0;1
133600;;;SILVER;DOLLARS;2032.0;9
133600;;;BRONZE;DOLLARS;1958.0;1
133600;;;BRONZE;DOLLARS;1961.0;9
134000;;;SILVER;DOLLARS;2029.0;1
134000;;;BRONZE;DOLLARS;1958.0;1
134500;;;SILVER;DOLLARS;2031.0;1
134700;;;GOLD;DOLLARS;9998.0;1
134800;;;SILVER;DOLLARS;2029.0;13
134800;;;BRONZE;DOLLARS;1958.0;2
134800;;;BRONZE;DOLLARS;1958.0;11
134900;;;SILVER;DOLLARS;2029.0;4
134900;;;BRONZE;DOLLARS;1957.0;4
135600;;;SILVER;DOLLARS;2033.0;5
135600;;;BRONZE;DOLLARS;1959.0;5
135800;;;SILVER;DOLLARS;2031.0;1
135800;;;BRONZE;DOLLARS;1956.0;1
136100;;;SILVER;DOLLARS;2029.0;1
136100;;;BRONZE;DOLLARS;1955.0;1
136500;;;SILVER;DOLLARS;2029.0;1
136500;;;BRONZE;DOLLARS;1954.0;1
137000;;;GOLD;DOLLARS;10002.0;1
137100;;;SILVER;DOLLARS;2029.0;1
137200;;;SILVER;DOLLARS;2030.0;5
137200;;;BRONZE;DOLLARS;1955.0;5
137400;;;SILVER;DOLLARS;2029.0;1
137400;;;GOLD;DOLLARS;9995.0;1
137400;;;BRONZE;DOLLARS;1955.0;1
137700;;;SILVER;DOLLARS;2030.0;2
137700;;;GOLD;DOLLARS;9996.0;2
137700;;;BRONZE;DOLLARS;1956.0;2
137800;;;SILVER;DOLLARS;2029.0;2
137800;;;GOLD;DOLLARS;9996.0;2
137800;;;BRONZE;DOLLARS;1956.0;2
138200;;;SILVER;DOLLARS;2032.0;1
138200;;;GOLD;DOLLARS;9998.0;1
138200;;;BRONZE;DOLLARS;1958.0;1
138300;;;SILVER;DOLLARS;2030.0;1
138300;;;BRONZE;DOLLARS;1956.0;1
138600;;;SILVER;DOLLARS;2030.0;1
138600;;;SILVER;DOLLARS;2033.0;1
138600;;;GOLD;DOLLARS;10004.0;1
138600;;;BRONZE;DOLLARS;1956.0;1
138600;;;BRONZE;DOLLARS;1959.0;1
139300;;;SILVER;DOLLARS;2033.0;1
139300;;;BRONZE;DOLLARS;1959.0;1
139400;;;SILVER;DOLLARS;2033.0;1
139400;;;GOLD;DOLLARS;9996.0;1
139400;;;BRONZE;DOLLARS;1960.0;10
140500;;;GOLD;DOLLARS;9998.0;1
140600;;;SILVER;DOLLARS;2030.0;1
140600;;;BRONZE;DOLLARS;1955.0;1
141400;;;GOLD;DOLLARS;9995.0;10
141500;;;SILVER;DOLLARS;2030.0;1
141500;;;BRONZE;DOLLARS;1955.0;1
141600;;;SILVER;DOLLARS;2032.0;4
141600;;;GOLD;DOLLARS;10002.0;1
141600;;;GOLD;DOLLARS;10002.0;2
142000;;;SILVER;DOLLARS;2030.0;9
142000;;;BRONZE;DOLLARS;1953.0;9
142100;;;SILVER;DOLLARS;2032.0;1
142100;;;BRONZE;DOLLARS;1956.0;1
142200;;;SILVER;DOLLARS;2030.0;1
142200;;;BRONZE;DOLLARS;1954.0;1
142500;;;GOLD;DOLLARS;9998.0;1
143300;;;GOLD;DOLLARS;9998.0;1
143600;;;SILVER;DOLLARS;2030.0;3
143600;;;BRONZE;DOLLARS;1954.0;3
143800;;;SILVER;DOLLARS;2030.0;1
143800;;;BRONZE;DOLLARS;1955.0;1
143900;;;SILVER;DOLLARS;2030.0;1
143900;;;GOLD;DOLLARS;9998.0;1
143900;;;BRONZE;DOLLARS;1955.0;1
144100;;;SILVER;DOLLARS;2032.0;1
144100;;;BRONZE;DOLLARS;1958.0;1
144400;;;SILVER;DOLLARS;2030.0;1
144400;;;BRONZE;DOLLARS;1956.0;1
144500;;;GOLD;DOLLARS;10004.0;2
144500;;;GOLD;DOLLARS;10004.0;10
144600;;;SILVER;DOLLARS;2030.0;2
144600;;;GOLD;DOLLARS;9998.0;2
144600;;;BRONZE;DOLLARS;1955.0;2
144800;;;GOLD;DOLLARS;10002.0;1
145100;;;SILVER;DOLLARS;2033.0;1
145100;;;GOLD;DOLLARS;9998.0;6
145100;;;GOLD;DOLLARS;10005.0;1
145100;;;BRONZE;DOLLARS;1959.0;1
145200;;;SILVER;DOLLARS;2030.0;1
145200;;;BRONZE;DOLLARS;1955.0;1
145600;;;SILVER;DOLLARS;2031.0;1
145600;;;SILVER;DOLLARS;2031.0;1
145600;;;GOLD;DOLLARS;10002.0;1
145600;;;BRONZE;DOLLARS;1957.0;1
145600;;;BRONZE;DOLLARS;1957.0;1
145900;;;SILVER;DOLLARS;2030.0;2
145900;;;GOLD;DOLLARS;10002.0;2
145900;;;BRONZE;DOLLARS;1955.0;2
146400;;;SILVER;DOLLARS;2030.0;2
146400;;;GOLD;DOLLARS;9998.0;1
146400;;;BRONZE;DOLLARS;1954.0;2
146400;;;BRONZE;DOLLARS;1954.0;1
147000;;;SILVER;DOLLARS;2033.0;2
147000;;;SILVER;DOLLARS;2032.0;1
147000;;;GOLD;DOLLARS;10004.0;1
147000;;;GOLD;DOLLARS;10004.0;1
147000;;;GOLD;DOLLARS;10002.0;1
147000;;;BRONZE;DOLLARS;1956.0;2
147000;;;BRONZE;DOLLARS;1955.0;1
147200;;;SILVER;DOLLARS;2032.0;1
147200;;;BRONZE;DOLLARS;1955.0;1
147400;;;SILVER;DOLLARS;2030.0;1
147400;;;BRONZE;DOLLARS;1953.0;1
147500;;;SILVER;DOLLARS;2032.0;1
147500;;;BRONZE;DOLLARS;1954.0;1
148100;;;BRONZE;DOLLARS;1951.0;1
148200;;;SILVER;DOLLARS;2033.0;2
148200;;;SILVER;DOLLARS;2032.0;1
148200;;;GOLD;DOLLARS;9998.0;1
148200;;;GOLD;DOLLARS;9998.0;2
148200;;;GOLD;DOLLARS;9998.0;2
148200;;;BRONZE;DOLLARS;1953.0;2
148200;;;BRONZE;DOLLARS;1952.0;1
148700;;;SILVER;DOLLARS;2032.0;1
148700;;;GOLD;DOLLARS;10005.0;5
148700;;;GOLD;DOLLARS;9995.0;2
148700;;;BRONZE;DOLLARS;1956.0;1
148900;;;SILVER;DOLLARS;2031.0;3
148900;;;BRONZE;DOLLARS;1957.0;3
149000;;;SILVER;DOLLARS;2029.0;1
149000;;;GOLD;DOLLARS;10002.0;1
149000;;;BRONZE;DOLLARS;1955.0;1
149100;;;SILVER;DOLLARS;2029.0;1
149100;;;BRONZE;DOLLARS;1955.0;1
149400;;;SILVER;DOLLARS;2029.0;4
149400;;;BRONZE;DOLLARS;1956.0;4
149500;;;SILVER;DOLLARS;2029.0;1
149500;;;BRONZE;DOLLARS;1955.0;1
150300;;;GOLD;DOLLARS;10002.0;1
150600;;;GOLD;DOLLARS;10002.0;1
151100;;;GOLD;DOLLARS;10002.0;5
151200;;;GOLD;DOLLARS;10004.0;2
151500;;;SILVER;DOLLARS;2033.0;12
151500;;;SILVER;DOLLARS;2033.0;1
151500;;;GOLD;DOLLARS;10004.0;1
151500;;;BRONZE;DOLLARS;1961.0;12
151500;;;BRONZE;DOLLARS;1961.0;1
151600;;;SILVER;DOLLARS;2031.0;1
151600;;;GOLD;DOLLARS;9996.0;1
151600;;;GOLD;DOLLARS;9995.0;1
151600;;;BRONZE;DOLLARS;1959.0;1
151700;;;BRONZE;DOLLARS;1959.0;1
152000;;;BRONZE;DOLLARS;1960.0;3
152100;;;SILVER;DOLLARS;2032.0;1
152100;;;GOLD;DOLLARS;10002.0;1
152100;;;BRONZE;DOLLARS;1959.0;1
152400;;;GOLD;DOLLARS;9998.0;1
152600;;;GOLD;DOLLARS;9998.0;1
152700;;;GOLD;DOLLARS;9996.0;1
152800;;;SILVER;DOLLARS;2032.0;1
152800;;;BRONZE;DOLLARS;1961.0;1
153000;;;GOLD;DOLLARS;9998.0;1
153200;;;GOLD;DOLLARS;10002.0;2
153300;;;GOLD;DOLLARS;9998.0;1
153400;;;BRONZE;DOLLARS;1962.0;3
153500;;;SILVER;DOLLARS;2030.0;1
153500;;;BRONZE;DOLLARS;1961.0;1
153600;;;SILVER;DOLLARS;2030.0;1
153600;;;BRONZE;DOLLARS;1961.0;1
154000;;;SILVER;DOLLARS;2032.0;1
154000;;;BRONZE;DOLLARS;1962.0;1
154200;;;SILVER;DOLLARS;2030.0;2
154200;;;GOLD;DOLLARS;9996.0;1
154200;;;GOLD;DOLLARS;9996.0;1
154200;;;BRONZE;DOLLARS;1959.0;1
154200;;;BRONZE;DOLLARS;1959.0;1
154900;;;SILVER;DOLLARS;2032.0;3
154900;;;BRONZE;DOLLARS;1960.0;3
155100;;;SILVER;DOLLARS;2030.0;1
155100;;;SILVER;DOLLARS;2033.0;6
155100;;;BRONZE;DOLLARS;1957.0;1
155100;;;BRONZE;DOLLARS;1960.0;6
155200;;;SILVER;DOLLARS;2030.0;1
155200;;;SILVER;DOLLARS;2033.0;1
155200;;;GOLD;DOLLARS;10004.0;1
155200;;;BRONZE;DOLLARS;1957.0;1
155200;;;BRONZE;DOLLARS;1960.0;1
155300;;;GOLD;DOLLARS;9998.0;3
155600;;;SILVER;DOLLARS;2030.0;1
155600;;;BRONZE;DOLLARS;1959.0;1
156000;;;SILVER;DOLLARS;2033.0;7
156000;;;BRONZE;DOLLARS;1961.0;7
156100;;;GOLD;DOLLARS;10002.0;1
156400;;;SILVER;DOLLARS;2033.0;15
156400;;;SILVER;DOLLARS;2032.0;5
156400;;;GOLD;DOLLARS;9998.0;2
156400;;;GOLD;DOLLARS;9998.0;1
156400;;;BRONZE;DOLLARS;1962.0;15
156800;;;SILVER;DOLLARS;2032.0;2
156800;;;SILVER;DOLLARS;2032.0;5
156800;;;GOLD;DOLLARS;9998.0;1
156800;;;GOLD;DOLLARS;9998.0;1
156800;;;BRONZE;DOLLARS;1961.0;2
156800;;;BRONZE;DOLLARS;1961.0;5
156900;;;SILVER;DOLLARS;2033.0;1
156900;;;GOLD;DOLLARS;9998.0;1
156900;;;BRONZE;DOLLARS;1960.0;1
157100;;;GOLD;DOLLARS;10002.0;1
157400;;;SILVER;DOLLARS;2030.0;1
157400;;;SILVER;DOLLARS;2033.0;11
157400;;;SILVER;DOLLARS;2030.0;1
157400;;;GOLD;DOLLARS;9996.0;1
157400;;;BRONZE;DOLLARS;1955.0;1
157400;;;BRONZE;DOLLARS;1958.0;11
157400;;;BRONZE;DOLLARS;1955.0;1
157600;;;SILVER;DOLLARS;2033.0;10
157600;;;BRONZE;DOLLARS;1959.0;10
157700;;;SILVER;DOLLARS;2029.0;14
157700;;;BRONZE;DOLLARS;1955.0;14
157800;;;GOLD;DOLLARS;10002.0;1
158300;;;GOLD;DOLLARS;9998.0;1
158400;;;SILVER;DOLLARS;2033.0;2
158400;;;GOLD;DOLLARS;10004.0;1
158400;;;BRONZE;DOLLARS;1957.0;2
158700;;;SILVER;DOLLARS;2032.0;1
158700;;;GOLD;DOLLARS;9998.0;1
158700;;;BRONZE;DOLLARS;1956.0;1
159000;;;SILVER;DOLLARS;2032.0;1
159000;;;BRONZE;DOLLARS;1957.0;1
159200;;;SILVER;DOLLARS;2030.0;1
159200;;;BRONZE;DOLLARS;1955.0;1
159300;;;SILVER;DOLLARS;2030.0;1
159300;;;BRONZE;DOLLARS;1955.0;1
159400;;;SILVER;DOLLARS;2032.0;1
159400;;;GOLD;DOLLARS;9998.0;1
159400;;;BRONZE;DOLLARS;1958.0;1
159500;;;SILVER;DOLLARS;2032.0;1
159500;;;GOLD;DOLLARS;9995.0;1
159500;;;BRONZE;DOLLARS;1959.0;1
159700;;;SILVER;DOLLARS;2033.0;1
159700;;;SILVER;DOLLARS;2033.0;3
159700;;;BRONZE;DOLLARS;1960.0;4
160000;;;GOLD;DOLLARS;10005.0;12
160700;;;SILVER;DOLLARS;2031.0;2
160700;;;SILVER;DOLLARS;2031.0;2
160700;;;BRONZE;DOLLARS;1962.0;4
161000;;;SILVER;DOLLARS;2031.0;1
161000;;;SILVER;DOLLARS;2031.0;2
161000;;;GOLD;DOLLARS;9996.0;2
161000;;;BRONZE;DOLLARS;1964.0;1
161000;;;BRONZE;DOLLARS;1964.0;2
161500;;;SILVER;DOLLARS;2033.0;1
161500;;;BRONZE;DOLLARS;1964.0;1
161600;;;GOLD;DOLLARS;10002.0;1
163100;;;SILVER;DOLLARS;2030.0;1
163100;;;SILVER;DOLLARS;2032.0;6
163100;;;BRONZE;DOLLARS;1962.0;1
163400;;;SILVER;DOLLARS;2033.0;1
163400;;;SILVER;DOLLARS;2033.0;1
163400;;;GOLD;DOLLARS;10004.0;1
163400;;;GOLD;DOLLARS;10004.0;1
163400;;;BRONZE;DOLLARS;1965.0;2
163400;;;BRONZE;DOLLARS;1964.0;4
163900;;;GOLD;DOLLARS;10004.0;2
164000;;;SILVER;DOLLARS;2033.0;1
164000;;;SILVER;DOLLARS;2032.0;2
164000;;;BRONZE;DOLLARS;1963.0;3
164200;;;SILVER;DOLLARS;2034.0;14
164200;;;BRONZE;DOLLARS;1964.0;14
164400;;;SILVER;DOLLARS;2033.0;1
164400;;;BRONZE;DOLLARS;1962.0;1
164600;;;GOLD;DOLLARS;9998.0;1
164800;;;GOLD;DOLLARS;10004.0;1
164800;;;GOLD;DOLLARS;10004.0;3
164900;;;SILVER;DOLLARS;2031.0;8
164900;;;SILVER;DOLLARS;2034.0;1
164900;;;GOLD;DOLLARS;10005.0;1
164900;;;BRONZE;DOLLARS;1960.0;8
164900;;;BRONZE;DOLLARS;1963.0;1
165600;;;SILVER;DOLLARS;2032.0;3
165700;;;SILVER;DOLLARS;2033.0;1
165800;;;SILVER;DOLLARS;2031.0;1
165800;;;GOLD;DOLLARS;10004.0;1
165800;;;BRONZE;DOLLARS;1957.0;1
165800;;;BRONZE;DOLLARS;1960.0;1
165900;;;GOLD;DOLLARS;9996.0;1
166200;;;GOLD;DOLLARS;10002.0;1
166500;;;SILVER;DOLLARS;2031.0;1
166500;;;BRONZE;DOLLARS;1957.0;1
167100;;;SILVER;DOLLARS;2031.0;2
167100;;;GOLD;DOLLARS;9996.0;2
167100;;;BRONZE;DOLLARS;1957.0;2
167400;;;SILVER;DOLLARS;2033.0;1
167400;;;BRONZE;DOLLARS;1960.0;1
167800;;;SILVER;DOLLARS;2031.0;7
167800;;;BRONZE;DOLLARS;1958.0;7
168200;;;SILVER;DOLLARS;2031.0;14
168200;;;SILVER;DOLLARS;2033.0;2
168200;;;GOLD;DOLLARS;10005.0;2
168200;;;BRONZE;DOLLARS;1958.0;14
168200;;;BRONZE;DOLLARS;1960.0;2
168400;;;GOLD;DOLLARS;9998.0;3
168400;;;GOLD;DOLLARS;10004.0;1
168400;;;GOLD;DOLLARS;10004.0;9
168700;;;SILVER;DOLLARS;2034.0;11
168700;;;BRONZE;DOLLARS;1960.0;11
169000;;;SILVER;DOLLARS;2031.0;10
169000;;;GOLD;DOLLARS;9998.0;1
169000;;;BRONZE;DOLLARS;1954.0;10
169200;;;SILVER;DOLLARS;2030.0;2
169200;;;GOLD;DOLLARS;9995.0;2
169200;;;BRONZE;DOLLARS;1952.0;2
169300;;;BRONZE;DOLLARS;1951.0;4
169900;;;GOLD;DOLLARS;9998.0;2
170000;;;GOLD;DOLLARS;9998.0;5
170100;;;SILVER;DOLLARS;2031.0;1
170100;;;BRONZE;DOLLARS;1953.0;1
170200;;;GOLD;DOLLARS;9998.0;1
171300;;;GOLD;DOLLARS;9998.0;1
171300;;;BRONZE;DOLLARS;1954.0;1
171600;;;SILVER;DOLLARS;2033.0;1
171600;;;GOLD;DOLLARS;9998.0;1
171600;;;BRONZE;DOLLARS;1956.0;1
171700;;;GOLD;DOLLARS;10002.0;2
171800;;;SILVER;DOLLARS;2033.0;1
171800;;;GOLD;DOLLARS;9995.0;1
171800;;;BRONZE;DOLLARS;1956.0;1
172300;;;SILVER;DOLLARS;2031.0;14
172300;;;BRONZE;DOLLARS;1953.0;14
172500;;;SILVER;DOLLARS;2030.0;9
172500;;;BRONZE;DOLLARS;1953.0;9
172600;;;SILVER;DOLLARS;2034.0;1
172600;;;GOLD;DOLLARS;10004.0;1
172600;;;BRONZE;DOLLARS;1957.0;1
172800;;;SILVER;DOLLARS;2030.0;1
172800;;;BRONZE;DOLLARS;1953.0;1
172900;;;GOLD;DOLLARS;9998.0;2
173000;;;SILVER;DOLLARS;2030.0;2
173000;;;GOLD;DOLLARS;9998.0;2
173000;;;BRONZE;DOLLARS;1951.0;2
173100;;;SILVER;DOLLARS;2030.0;1
173100;;;BRONZE;DOLLARS;1952.0;1
173300;;;SILVER;DOLLARS;2033.0;1
173300;;;SILVER;DOLLARS;2034.0;2
173300;;;GOLD;DOLLARS;10004.0;1
173300;;;BRONZE;DOLLARS;1957.0;15
173300;;;BRONZE;DOLLARS;1957.0;2
173600;;;SILVER;DOLLARS;2032.0;1
173600;;;BRONZE;DOLLARS;1957.0;1
174400;;;SILVER;DOLLARS;2030.0;2
174400;;;SILVER;DOLLARS;2031.0;3
174400;;;GOLD;DOLLARS;10002.0;1
174400;;;BRONZE;DOLLARS;1956.0;2
174400;;;BRONZE;DOLLARS;1955.0;2
174400;;;BRONZE;DOLLARS;1956.0;1
174600;;;GOLD;DOLLARS;10002.0;1
174800;;;SILVER;DOLLARS;2030.0;1
174800;;;BRONZE;DOLLARS;1955.0;1
175100;;;GOLD;DOLLARS;10002.0;2
176300;;;GOLD;DOLLARS;10005.0;3
176700;;;SILVER;DOLLARS;2030.0;2
176700;;;GOLD;DOLLARS;9998.0;2
176700;;;GOLD;DOLLARS;9998.0;2
176700;;;BRONZE;DOLLARS;1954.0;2
177000;;;SILVER;DOLLARS;2030.0;1
177000;;;BRONZE;DOLLARS;1952.0;1
177600;;;GOLD;DOLLARS;10005.0;6
177900;;;SILVER;DOLLARS;2033.0;1
177900;;;GOLD;DOLLARS;10004.0;1
177900;;;BRONZE;DOLLARS;1954.0;1
178800;;;SILVER;DOLLARS;2030.0;1
178800;;;BRONZE;DOLLARS;1945.0;1
179000;;;SILVER;DOLLARS;2033.0;13
179000;;;BRONZE;DOLLARS;1948.0;13
179500;;;GOLD;DOLLARS;10002.0;1
179600;;;BRONZE;DOLLARS;1948.0;1
179900;;;GOLD;DOLLARS;10002.0;4
180000;;;GOLD;DOLLARS;9998.0;1
180100;;;SILVER;DOLLARS;2034.0;7
180100;;;BRONZE;DOLLARS;1950.0;7
180300;;;SILVER;DOLLARS;2030.0;1
180300;;;BRONZE;DOLLARS;1942.0;1
180400;;;BRONZE;DOLLARS;1946.0;1
180600;;;GOLD;DOLLARS;10002.0;1
180900;;;SILVER;DOLLARS;2034.0;2
180900;;;GOLD;DOLLARS;10004.0;1
180900;;;GOLD;DOLLARS;10004.0;1
180900;;;BRONZE;DOLLARS;1945.0;2
181600;;;GOLD;DOLLARS;10002.0;3
181700;;;SILVER;DOLLARS;2034.0;13
181700;;;BRONZE;DOLLARS;1946.0;13
182200;;;SILVER;DOLLARS;2032.0;1
182200;;;BRONZE;DOLLARS;1948.0;1
182300;;;BRONZE;DOLLARS;1947.0;2
182400;;;SILVER;DOLLARS;2032.0;1
182500;;;SILVER;DOLLARS;2033.0;1
182500;;;GOLD;DOLLARS;10002.0;1
182500;;;BRONZE;DOLLARS;1950.0;1
182800;;;GOLD;DOLLARS;10002.0;1
182900;;;SILVER;DOLLARS;2034.0;15
182900;;;BRONZE;DOLLARS;1952.0;15
183300;;;SILVER;DOLLARS;2031.0;1
183300;;;BRONZE;DOLLARS;1950.0;1
183400;;;GOLD;DOLLARS;9998.0;10
183400;;;GOLD;DOLLARS;9998.0;2
183600;;;SILVER;DOLLARS;2033.0;7
183600;;;GOLD;DOLLARS;10002.0;1
183800;;;SILVER;DOLLARS;2031.0;1
183800;;;BRONZE;DOLLARS;1949.0;1
184800;;;SILVER;DOLLARS;2033.0;1
184800;;;GOLD;DOLLARS;9998.0;1
184800;;;BRONZE;DOLLARS;1956.0;1
185000;;;SILVER;DOLLARS;2031.0;2
185000;;;GOLD;DOLLARS;9996.0;1
185000;;;BRONZE;DOLLARS;1955.0;2
185500;;;SILVER;DOLLARS;2031.0;2
185500;;;GOLD;DOLLARS;9996.0;2
185500;;;BRONZE;DOLLARS;1956.0;2
185600;;;SILVER;DOLLARS;2031.0;12
185600;;;BRONZE;DOLLARS;1956.0;12
185800;;;SILVER;DOLLARS;2033.0;1
185800;;;BRONZE;DOLLARS;1958.0;1
186200;;;GOLD;DOLLARS;10002.0;5
186700;;;GOLD;DOLLARS;9996.0;1
186700;;;GOLD;DOLLARS;9996.0;11
187000;;;SILVER;DOLLARS;2032.0;1
187000;;;BRONZE;DOLLARS;1952.0;1
187200;;;GOLD;DOLLARS;9998.0;3
187300;;;SILVER;DOLLARS;2032.0;1
187300;;;GOLD;DOLLARS;9995.0;1
187300;;;BRONZE;DOLLARS;1954.0;1
187600;;;SILVER;DOLLARS;2032.0;1
187600;;;SILVER;DOLLARS;2032.0;1
187600;;;GOLD;DOLLARS;10002.0;1
187600;;;BRONZE;DOLLARS;1953.0;1
187600;;;BRONZE;DOLLARS;1953.0;1
187900;;;GOLD;DOLLARS;9998.0;4
187900;;;GOLD;DOLLARS;10004.0;2
188200;;;SILVER;DOLLARS;2032.0;1
188200;;;SILVER;DOLLARS;2033.0;3
188200;;;GOLD;DOLLARS;9996.0;1
188200;;;GOLD;DOLLARS;9998.0;1
188200;;;BRONZE;DOLLARS;1956.0;1
188500;;;SILVER;DOLLARS;2036.0;1
188500;;;GOLD;DOLLARS;10005.0;1
188500;;;BRONZE;DOLLARS;1960.0;1
189200;;;GOLD;DOLLARS;9996.0;2
189600;;;SILVER;DOLLARS;2034.0;2
189600;;;GOLD;DOLLARS;10002.0;2
189600;;;BRONZE;DOLLARS;1960.0;2
189800;;;GOLD;DOLLARS;9998.0;1
190000;;;GOLD;DOLLARS;9998.0;1
190200;;;SILVER;DOLLARS;2033.0;1
190200;;;BRONZE;DOLLARS;1958.0;1
190300;;;GOLD;DOLLARS;9996.0;2
190800;;;SILVER;DOLLARS;2035.0;4
190900;;;SILVER;DOLLARS;2033.0;2
190900;;;GOLD;DOLLARS;9995.0;2
190900;;;BRONZE;DOLLARS;1958.0;2
192200;;;SILVER;DOLLARS;2035.0;1
192200;;;BRONZE;DOLLARS;1960.0;1
192400;;;SILVER;DOLLARS;2036.0;15
192400;;;BRONZE;DOLLARS;1960.0;15
192900;;;SILVER;DOLLARS;2033.0;2
192900;;;SILVER;DOLLARS;2033.0;2
192900;;;BRONZE;DOLLARS;1959.0;2
192900;;;BRONZE;DOLLARS;1959.0;2
193000;;;SILVER;DOLLARS;2032.0;1
193000;;;SILVER;DOLLARS;2032.0;1
193000;;;GOLD;DOLLARS;9995.0;1
193000;;;BRONZE;DOLLARS;1958.0;1
193000;;;BRONZE;DOLLARS;1958.0;1
193100;;;SILVER;DOLLARS;2032.0;1
193100;;;BRONZE;DOLLARS;1958.0;1
193200;;;SILVER;DOLLARS;2034.0;1
193200;;;BRONZE;DOLLARS;1960.0;1
193700;;;SILVER;DOLLARS;2035.0;8
193700;;;GOLD;DOLLARS;10005.0;11
193700;;;BRONZE;DOLLARS;1961.0;8
193800;;;GOLD;DOLLARS;9998.0;1
193900;;;SILVER;DOLLARS;2034.0;1
193900;;;GOLD;DOLLARS;9996.0;2
193900;;;BRONZE;DOLLARS;1960.0;1
194000;;;SILVER;DOLLARS;2034.0;1
194000;;;BRONZE;DOLLARS;1959.0;1
194200;;;SILVER;DOLLARS;2032.0;1
194200;;;GOLD;DOLLARS;10002.0;1
194200;;;BRONZE;DOLLARS;1958.0;1
194300;;;SILVER;DOLLARS;2032.0;1
194300;;;BRONZE;DOLLARS;1959.0;1
194800;;;SILVER;DOLLARS;2031.0;1
194800;;;GOLD;DOLLARS;9995.0;1
194800;;;BRONZE;DOLLARS;1961.0;1
195100;;;GOLD;DOLLARS;9996.0;1
195300;;;BRONZE;DOLLARS;1961.0;3
195500;;;BRONZE;DOLLARS;1957.0;1
195600;;;SILVER;DOLLARS;2032.0;2
195600;;;GOLD;DOLLARS;10004.0;2
195600;;;BRONZE;DOLLARS;1958.0;2
196100;;;SILVER;DOLLARS;2033.0;6
196100;;;BRONZE;DOLLARS;1957.0;6
196700;;;SILVER;DOLLARS;2034.0;1
196700;;;BRONZE;DOLLARS;1957.0;1
197000;;;GOLD;DOLLARS;9998.0;1
197100;;;GOLD;DOLLARS;10002.0;1
197400;;;GOLD;DOLLARS;9996.0;1
197500;;;GOLD;DOLLARS;9998.0;5
197700;;;SILVER;DOLLARS;2032.0;1
197700;;;SILVER;DOLLARS;2032.0;1
197700;;;GOLD;DOLLARS;9995.0;1
197700;;;BRONZE;DOLLARS;1956.0;1
197700;;;BRONZE;DOLLARS;1956.0;1
198000;;;SILVER;DOLLARS;2032.0;1
198000;;;SILVER;DOLLARS;2032.0;14
198000;;;BRONZE;DOLLARS;1958.0;1
198400;;;SILVER;DOLLARS;2033.0;2
198400;;;GOLD;DOLLARS;9998.0;1
198400;;;BRONZE;DOLLARS;1960.0;2
198500;;;GOLD;DOLLARS;10002.0;3
199000;;;SILVER;DOLLARS;2033.0;1
199000;;;BRONZE;DOLLARS;1958.0;1
199300;;;SILVER;DOLLARS;2035.0;1
199300;;;BRONZE;DOLLARS;1960.0;1
199400;;;GOLD;DOLLARS;10002.0;3
199400;;;GOLD;DOLLARS;10002.0;1
199700;;;GOLD;DOLLARS;10002.0;1
200100;;;SILVER;DOLLARS;2033.0;2
200100;;;GOLD;DOLLARS;10002.0;5
200100;;;BRONZE;DOLLARS;1954.0;2
200200;;;SILVER;DOLLARS;2033.0;15
200200;;;BRONZE;DOLLARS;1952.0;15
200300;;;SILVER;DOLLARS;2033.0;1
200300;;;GOLD;DOLLARS;10004.0;2
200300;;;BRONZE;DOLLARS;1951.0;1
200300;;;BRONZE;DOLLARS;1954.0;2
200400;;;SILVER;DOLLARS;2036.0;1
200400;;;GOLD;DOLLARS;10004.0;1
200400;;;BRONZE;DOLLARS;1956.0;1
200800;;;GOLD;DOLLARS;10002.0;1
200900;;;BRONZE;DOLLARS;1952.0;1
201800;;;GOLD;DOLLARS;9998.0;3
202000;;;GOLD;DOLLARS;10002.0;3
202100;;;SILVER;DOLLARS;2032.0;1
202100;;;BRONZE;DOLLARS;1956.0;1
202200;;;GOLD;DOLLARS;10002.0;5
202600;;;GOLD;DOLLARS;10002.0;4
203000;;;SILVER;DOLLARS;2034.0;1
203000;;;BRONZE;DOLLARS;1958.0;1
203300;;;GOLD;DOLLARS;9996.0;2
203700;;;SILVER;DOLLARS;2034.0;1
203700;;;BRONZE;DOLLARS;1955.0;1
203900;;;SILVER;DOLLARS;2034.0;2
203900;;;GOLD;DOLLARS;10004.0;1
203900;;;BRONZE;DOLLARS;1956.0;2
204000;;;SILVER;DOLLARS;2034.0;2
204000;;;BRONZE;DOLLARS;1957.0;2
204200;;;SILVER;DOLLARS;2034.0;1
204200;;;BRONZE;DOLLARS;1957.0;1
204400;;;SILVER;DOLLARS;2034.0;1
204400;;;BRONZE;DOLLARS;1959.0;1
204500;;;SILVER;DOLLARS;2034.0;1
204500;;;BRONZE;DOLLARS;1959.0;1
204600;;;SILVER;DOLLARS;2034.0;4
204600;;;BRONZE;DOLLARS;1959.0;4
204800;;;GOLD;DOLLARS;10004.0;1
204800;;;GOLD;DOLLARS;10004.0;7
205000;;;SILVER;DOLLARS;2032.0;1
205000;;;SILVER;DOLLARS;2035.0;2
205000;;;GOLD;DOLLARS;10004.0;2
205000;;;BRONZE;DOLLARS;1957.0;1
205400;;;SILVER;DOLLARS;2035.0;1
205400;;;BRONZE;DOLLARS;1957.0;1
205800;;;GOLD;DOLLARS;10002.0;1
206400;;;SILVER;DOLLARS;2033.0;2
206400;;;GOLD;DOLLARS;9996.0;2
206400;;;BRONZE;DOLLARS;1960.0;2
206700;;;SILVER;DOLLARS;2033.0;2
206700;;;SILVER;DOLLARS;2033.0;3
206700;;;BRONZE;DOLLARS;1959.0;5
207000;;;SILVER;DOLLARS;2032.0;1
207000;;;GOLD;DOLLARS;9998.0;1
207000;;;BRONZE;DOLLARS;1956.0;1
207300;;;SILVER;DOLLARS;2035.0;1
207300;;;GOLD;DOLLARS;10004.0;1
207300;;;BRONZE;DOLLARS;1957.0;1
207500;;;GOLD;DOLLARS;9996.0;2
207500;;;GOLD;DOLLARS;9996.0;5
207600;;;SILVER;DOLLARS;2034.0;8
207800;;;SILVER;DOLLARS;2035.0;15
207800;;;SILVER;DOLLARS;2034.0;1
207800;;;BRONZE;DOLLARS;1958.0;15
207800;;;BRONZE;DOLLARS;1957.0;1
207900;;;SILVER;DOLLARS;2032.0;1
207900;;;BRONZE;DOLLARS;1955.0;1
208000;;;SILVER;DOLLARS;2035.0;1
208000;;;GOLD;DOLLARS;10004.0;1
208000;;;BRONZE;DOLLARS;1958.0;1
208100;;;SILVER;DOLLARS;2032.0;3
208100;;;SILVER;DOLLARS;2032.0;12
208100;;;SILVER;DOLLARS;2035.0;1
208100;;;GOLD;DOLLARS;9998.0;1
208100;;;BRONZE;DOLLARS;1955.0;3
208100;;;BRONZE;DOLLARS;1955.0;12
208100;;;BRONZE;DOLLARS;1958.0;1
208300;;;SILVER;DOLLARS;2032.0;1
208300;;;BRONZE;DOLLARS;1954.0;1
208700;;;SILVER;DOLLARS;2032.0;1
208700;;;BRONZE;DOLLARS;1953.0;1
208900;;;SILVER;DOLLARS;2032.0;2
208900;;;SILVER;DOLLARS;2032.0;1
208900;;;SILVER;DOLLARS;2033.0;2
208900;;;BRONZE;DOLLARS;1953.0;2
208900;;;BRONZE;DOLLARS;1953.0;1
208900;;;BRONZE;DOLLARS;1954.0;2
209000;;;SILVER;DOLLARS;2034.0;1
209000;;;BRONZE;DOLLARS;1953.0;1
209700;;;SILVER;DOLLARS;2031.0;1
209700;;;GOLD;DOLLARS;9996.0;2
209700;;;GOLD;DOLLARS;9996.0;5
209700;;;BRONZE;DOLLARS;1943.0;1
209900;;;GOLD;DOLLARS;9998.0;1
210000;;;SILVER;DOLLARS;2031.0;3
210000;;;BRONZE;DOLLARS;1946.0;3
210100;;;SILVER;DOLLARS;2031.0;1
210100;;;BRONZE;DOLLARS;1945.0;1
210300;;;SILVER;DOLLARS;2030.0;1
210300;;;SILVER;DOLLARS;2034.0;1
210300;;;GOLD;DOLLARS;10002.0;1
210300;;;BRONZE;DOLLARS;1946.0;1
210300;;;BRONZE;DOLLARS;1949.0;1
210400;;;SILVER;DOLLARS;2030.0;1
210400;;;BRONZE;DOLLARS;1946.0;1
210600;;;SILVER;DOLLARS;2030.0;1
210600;;;GOLD;DOLLARS;9995.0;1
210600;;;BRONZE;DOLLARS;1945.0;1
210700;;;SILVER;DOLLARS;2030.0;1
210700;;;GOLD;DOLLARS;9996.0;1
210700;;;BRONZE;DOLLARS;1944.0;1
211100;;;SILVER;DOLLARS;2034.0;1
211100;;;GOLD;DOLLARS;10002.0;1
211100;;;GOLD;DOLLARS;10002.0;1
211100;;;BRONZE;DOLLARS;1939.0;1
211300;;;SILVER;DOLLARS;2034.0;11
211300;;;GOLD;DOLLARS;9998.0;1
211300;;;BRONZE;DOLLARS;1938.0;11
211400;;;GOLD;DOLLARS;9996.0;2
211400;;;GOLD;DOLLARS;9996.0;1
211500;;;SILVER;DOLLARS;2032.0;6
211500;;;BRONZE;DOLLARS;1935.0;6
211500;;;BRONZE;DOLLARS;1935.0;5
211800;;;SILVER;DOLLARS;2032.0;1
211800;;;BRONZE;DOLLARS;1934.0;1
212000;;;SILVER;DOLLARS;2032.0;9
212000;;;BRONZE;DOLLARS;1930.0;9
212300;;;SILVER;DOLLARS;2034.0;5
212300;;;SILVER;DOLLARS;2036.0;13
212300;;;SILVER;DOLLARS;2036.0;1
212300;;;GOLD;DOLLARS;9998.0;1
212300;;;BRONZE;DOLLARS;1933.0;5
212300;;;BRONZE;DOLLARS;1935.0;13
212300;;;BRONZE;DOLLARS;1935.0;1
212500;;;SILVER;DOLLARS;2034.0;6
212500;;;BRONZE;DOLLARS;1938.0;6
212500;;;BRONZE;DOLLARS;1938.0;1
212800;;;SILVER;DOLLARS;2033.0;1
212800;;;BRONZE;DOLLARS;1934.0;1
213000;;;GOLD;DOLLARS;9998.0;1
213900;;;SILVER;DOLLARS;2034.0;1
213900;;;GOLD;DOLLARS;9998.0;3
213900;;;BRONZE;DOLLARS;1930.0;1
214100;;;GOLD;DOLLARS;9998.0;1
214100;;;GOLD;DOLLARS;9998.0;1
214500;;;GOLD;DOLLARS;9998.0;3
214500;;;GOLD;DOLLARS;9998.0;1
214700;;;GOLD;DOLLARS;9996.0;2
214800;;;SILVER;DOLLARS;2033.0;2
214800;;;SILVER;DOLLARS;2033.0;3
214800;;;BRONZE;DOLLARS;1926.0;5
215100;;;GOLD;DOLLARS;9998.0;1
215800;;;BRONZE;DOLLARS;1919.0;1
215900;;;SILVER;DOLLARS;2032.0;7
215900;;;BRONZE;DOLLARS;1920.0;7
216000;;;SILVER;DOLLARS;2032.0;1
216000;;;SILVER;DOLLARS;2034.0;1
216000;;;SILVER;DOLLARS;2034.0;8
216000;;;BRONZE;DOLLARS;1919.0;1
216000;;;BRONZE;DOLLARS;1921.0;1
216100;;;GOLD;DOLLARS;10002.0;1
216400;;;SILVER;DOLLARS;2032.0;3
216400;;;BRONZE;DOLLARS;1924.0;3
216500;;;SILVER;DOLLARS;2031.0;1
216500;;;BRONZE;DOLLARS;1925.0;1
216600;;;SILVER;DOLLARS;2033.0;5
216600;;;SILVER;DOLLARS;2033.0;7
216600;;;GOLD;DOLLARS;9998.0;1
216600;;;BRONZE;DOLLARS;1925.0;5
216600;;;BRONZE;DOLLARS;1925.0;7
216900;;;SILVER;DOLLARS;2031.0;7
217100;;;GOLD;DOLLARS;9996.0;1
217400;;;SILVER;DOLLARS;2032.0;4
217400;;;BRONZE;DOLLARS;1924.0;4
217400;;;BRONZE;DOLLARS;1924.0;7
217500;;;SILVER;DOLLARS;2032.0;1
217500;;;GOLD;DOLLARS;9996.0;1
217500;;;BRONZE;DOLLARS;1924.0;1
217700;;;SILVER;DOLLARS;2034.0;1
217800;;;GOLD;DOLLARS;9996.0;1
218200;;;SILVER;DOLLARS;2032.0;1
218700;;;SILVER;DOLLARS;2034.0;1
218700;;;BRONZE;DOLLARS;1931.0;1
219400;;;SILVER;DOLLARS;2034.0;1
219400;;;SILVER;DOLLARS;2034.0;1
219400;;;GOLD;DOLLARS;10004.0;1
219400;;;BRONZE;DOLLARS;1931.0;1
219400;;;BRONZE;DOLLARS;1931.0;1
219600;;;SILVER;DOLLARS;2034.0;1
219600;;;BRONZE;DOLLARS;1931.0;1
220000;;;SILVER;DOLLARS;2043.0;15
220500;;;SILVER;DOLLARS;2037.0;3
221000;;;SILVER;DOLLARS;2041.0;10
221000;;;BRONZE;DOLLARS;1936.0;10
221100;;;SILVER;DOLLARS;2040.0;1
221100;;;GOLD;DOLLARS;10002.0;1
221100;;;BRONZE;DOLLARS;1936.0;1
221200;;;SILVER;DOLLARS;2036.0;1
221200;;;GOLD;DOLLARS;10002.0;1
221200;;;BRONZE;DOLLARS;1934.0;1
221800;;;SILVER;DOLLARS;2038.0;5
221800;;;BRONZE;DOLLARS;1934.0;5
222200;;;GOLD;DOLLARS;9998.0;2
222400;;;SILVER;DOLLARS;2037.0;2
222800;;;SILVER;DOLLARS;2039.0;1
222800;;;BRONZE;DOLLARS;1941.0;1
223000;;;SILVER;DOLLARS;2037.0;1
223000;;;SILVER;DOLLARS;2037.0;5
223000;;;BRONZE;DOLLARS;1942.0;1
223000;;;BRONZE;DOLLARS;1942.0;5
223100;;;GOLD;DOLLARS;9998.0;2
223600;;;GOLD;DOLLARS;10002.0;1
223700;;;SILVER;DOLLARS;2040.0;1
223700;;;GOLD;DOLLARS;10005.0;1
223700;;;BRONZE;DOLLARS;1944.0;1
223800;;;SILVER;DOLLARS;2037.0;1
223800;;;GOLD;DOLLARS;10002.0;1
223800;;;BRONZE;DOLLARS;1941.0;1
224400;;;SILVER;DOLLARS;2038.0;11
224400;;;BRONZE;DOLLARS;1939.0;11
224500;;;SILVER;DOLLARS;2040.0;4
224500;;;GOLD;DOLLARS;10002.0;1
224600;;;SILVER;DOLLARS;2041.0;1
224600;;;GOLD;DOLLARS;10004.0;1
224600;;;GOLD;DOLLARS;10005.0;1
224600;;;BRONZE;DOLLARS;1940.0;1
225000;;;GOLD;DOLLARS;9996.0;1
225500;;;SILVER;DOLLARS;2038.0;1
225500;;;BRONZE;DOLLARS;1936.0;3
225500;;;BRONZE;DOLLARS;1936.0;1
225700;;;SILVER;DOLLARS;2038.0;1
225700;;;GOLD;DOLLARS;10002.0;1
225700;;;BRONZE;DOLLARS;1935.0;1
226100;;;GOLD;DOLLARS;9998.0;1
226100;;;GOLD;DOLLARS;9998.0;4
226700;;;SILVER;DOLLARS;2037.0;2
226700;;;GOLD;DOLLARS;9998.0;2
226700;;;BRONZE;DOLLARS;1931.0;2
226800;;;SILVER;DOLLARS;2038.0;5
226800;;;BRONZE;DOLLARS;1932.0;5
227100;;;SILVER;DOLLARS;2037.0;1
227100;;;BRONZE;DOLLARS;1935.0;1
227300;;;GOLD;DOLLARS;9998.0;1
227700;;;SILVER;DOLLARS;2038.0;1
227700;;;GOLD;DOLLARS;9996.0;1
227700;;;BRONZE;DOLLARS;1936.0;1
228300;;;SILVER;DOLLARS;2038.0;6
228300;;;SILVER;DOLLARS;2038.0;1
228300;;;BRONZE;DOLLARS;1934.0;6
228300;;;BRONZE;DOLLARS;1934.0;1
228400;;;SILVER;DOLLARS;2037.0;1
228400;;;BRONZE;DOLLARS;1934.0;1
229400;;;GOLD;DOLLARS;9998.0;1
229600;;;GOLD;DOLLARS;10002.0;1
229900;;;SILVER;DOLLARS;2037.0;13
229900;;;BRONZE;DOLLARS;1932.0;13
230000;;;BRONZE;DOLLARS;1931.0;1
230100;;;SILVER;DOLLARS;2037.0;1
230100;;;BRONZE;DOLLARS;1930.0;1
230300;;;GOLD;DOLLARS;9996.0;1
230300;;;GOLD;DOLLARS;9996.0;9
230400;;;SILVER;DOLLARS;2041.0;1
230400;;;GOLD;DOLLARS;10002.0;1
230400;;;BRONZE;DOLLARS;1934.0;1
230500;;;SILVER;DOLLARS;2037.0;1
230500;;;BRONZE;DOLLARS;1929.0;1
230900;;;SILVER;DOLLARS;2041.0;1
230900;;;GOLD;DOLLARS;10004.0;1
230900;;;BRONZE;DOLLARS;1933.0;1
231100;;;SILVER;DOLLARS;2038.0;5
231300;;;GOLD;DOLLARS;9998.0;1
231400;;;SILVER;DOLLARS;2039.0;2
231400;;;BRONZE;DOLLARS;1932.0;2
231700;;;SILVER;DOLLARS;2037.0;1
231700;;;SILVER;DOLLARS;2038.0;4
231700;;;GOLD;DOLLARS;10000.0;4
231700;;;BRONZE;DOLLARS;1932.0;1
231700;;;BRONZE;DOLLARS;1933.0;4
232100;;;GOLD;DOLLARS;10002.0;1
232300;;;SILVER;DOLLARS;2040.0;1
232300;;;GOLD;DOLLARS;10002.0;1
232300;;;BRONZE;DOLLARS;1935.0;1
232600;;;SILVER;DOLLARS;2040.0;1
232600;;;GOLD;DOLLARS;9998.0;2
232600;;;GOLD;DOLLARS;9998.0;1
232600;;;BRONZE;DOLLARS;1936.0;1
234200;;;SILVER;DOLLARS;2038.0;1
234200;;;BRONZE;DOLLARS;1935.0;1
234300;;;SILVER;DOLLARS;2037.0;1
234300;;;GOLD;DOLLARS;9995.0;1
234300;;;BRONZE;DOLLARS;1935.0;1
234500;;;GOLD;DOLLARS;9998.0;1
234700;;;SILVER;DOLLARS;2041.0;2
234700;;;GOLD;DOLLARS;10004.0;1
234700;;;GOLD;DOLLARS;10004.0;1
234700;;;BRONZE;DOLLARS;1940.0;2
234800;;;GOLD;DOLLARS;9998.0;1
235200;;;GOLD;DOLLARS;9995.0;8
235500;;;SILVER;DOLLARS;2037.0;1
235900;;;SILVER;DOLLARS;2037.0;3
235900;;;BRONZE;DOLLARS;1936.0;3
236200;;;GOLD;DOLLARS;9998.0;1
236400;;;GOLD;DOLLARS;9998.0;1
236800;;;GOLD;DOLLARS;9998.0;1
236900;;;SILVER;DOLLARS;2037.0;1
237000;;;SILVER;DOLLARS;2040.0;1
237000;;;GOLD;DOLLARS;9998.0;1
237000;;;GOLD;DOLLARS;9998.0;3
237000;;;BRONZE;DOLLARS;1937.0;1
237300;;;SILVER;DOLLARS;2036.0;1
237300;;;SILVER;DOLLARS;2036.0;1
237300;;;GOLD;DOLLARS;9996.0;1
237300;;;BRONZE;DOLLARS;1933.0;1
237300;;;BRONZE;DOLLARS;1933.0;1
237400;;;SILVER;DOLLARS;2036.0;1
237400;;;GOLD;DOLLARS;9998.0;1
237400;;;BRONZE;DOLLARS;1933.0;1
237700;;;GOLD;DOLLARS;9998.0;1
238000;;;SILVER;DOLLARS;2037.0;1
238000;;;BRONZE;DOLLARS;1933.0;1
238300;;;GOLD;DOLLARS;9998.0;5
238600;;;SILVER;DOLLARS;2036.0;8
238600;;;BRONZE;DOLLARS;1933.0;8
238700;;;SILVER;DOLLARS;2037.0;1
238700;;;SILVER;DOLLARS;2040.0;1
238700;;;GOLD;DOLLARS;10004.0;1
238700;;;GOLD;DOLLARS;10002.0;1
238700;;;BRONZE;DOLLARS;1933.0;1
238700;;;BRONZE;DOLLARS;1936.0;1
238800;;;SILVER;DOLLARS;2040.0;14
238800;;;BRONZE;DOLLARS;1936.0;14
239300;;;SILVER;DOLLARS;2038.0;1
239300;;;GOLD;DOLLARS;10004.0;1
239300;;;GOLD;DOLLARS;10005.0;1
239300;;;GOLD;DOLLARS;10004.0;8
239300;;;BRONZE;DOLLARS;1936.0;1
240100;;;GOLD;DOLLARS;9998.0;3
240100;;;BRONZE;DOLLARS;1930.0;3
240200;;;GOLD;DOLLARS;10000.0;2
240200;;;GOLD;DOLLARS;10002.0;5
240700;;;SILVER;DOLLARS;2039.0;1
240700;;;BRONZE;DOLLARS;1930.0;1
241000;;;SILVER;DOLLARS;2040.0;6
241000;;;GOLD;DOLLARS;9998.0;5
241000;;;BRONZE;DOLLARS;1930.0;6
241200;;;GOLD;DOLLARS;10004.0;2
241200;;;GOLD;DOLLARS;10004.0;6
241300;;;SILVER;DOLLARS;2037.0;4
241300;;;BRONZE;DOLLARS;1927.0;4
241300;;;BRONZE;DOLLARS;1927.0;4
241400;;;GOLD;DOLLARS;9998.0;1
241600;;;SILVER;DOLLARS;2037.0;4
241600;;;BRONZE;DOLLARS;1930.0;4
242000;;;GOLD;DOLLARS;9998.0;1
242400;;;GOLD;DOLLARS;10004.0;1
242800;;;SILVER;DOLLARS;2039.0;7
242800;;;BRONZE;DOLLARS;1930.0;7
243000;;;SILVER;DOLLARS;2036.0;1
243000;;;BRONZE;DOLLARS;1926.0;1
243500;;;GOLD;DOLLARS;10002.0;1
243600;;;GOLD;DOLLARS;9998.0;1
243900;;;GOLD;DOLLARS;9998.0;1
244100;;;SILVER;DOLLARS;2036.0;1
244100;;;GOLD;DOLLARS;9996.0;1
244100;;;BRONZE;DOLLARS;1924.0;1
244300;;;SILVER;DOLLARS;2036.0;1
244300;;;SILVER;DOLLARS;2036.0;7
244300;;;SILVER;DOLLARS;2036.0;8
244300;;;BRONZE;DOLLARS;1928.0;1
244300;;;BRONZE;DOLLARS;1928.0;7
244300;;;BRONZE;DOLLARS;1928.0;8
244500;;;SILVER;DOLLARS;2036.0;11
244500;;;BRONZE;DOLLARS;1927.0;11
244900;;;SILVER;DOLLARS;2036.0;14
244900;;;SILVER;DOLLARS;2037.0;2
244900;;;BRONZE;DOLLARS;1927.0;14
244900;;;BRONZE;DOLLARS;1928.0;2
245200;;;SILVER;DOLLARS;2036.0;1
245200;;;BRONZE;DOLLARS;1927.0;1
245300;;;GOLD;DOLLARS;10002.0;1
245700;;;SILVER;DOLLARS;2039.0;14
245700;;;BRONZE;DOLLARS;1932.0;14
246000;;;SILVER;DOLLARS;2038.0;1
246100;;;SILVER;DOLLARS;2036.0;14
246100;;;BRONZE;DOLLARS;1929.0;14
246800;;;SILVER;DOLLARS;2037.0;1
246800;;;BRONZE;DOLLARS;1931.0;1
246800;;;BRONZE;DOLLARS;1931.0;1
247000;;;SILVER;DOLLARS;2036.0;1
247000;;;GOLD;DOLLARS;10002.0;5
247000;;;BRONZE;DOLLARS;1930.0;1
247200;;;SILVER;DOLLARS;2038.0;1
247200;;;BRONZE;DOLLARS;1932.0;1
247500;;;GOLD;DOLLARS;9995.0;8
247600;;;GOLD;DOLLARS;9995.0;7
248100;;;SILVER;DOLLARS;2038.0;1
248100;;;SILVER;DOLLARS;2039.0;9
248100;;;SILVER;DOLLARS;2036.0;2
248100;;;GOLD;DOLLARS;9998.0;2
248100;;;BRONZE;DOLLARS;1936.0;1
248100;;;BRONZE;DOLLARS;1937.0;9
248100;;;BRONZE;DOLLARS;1934.0;2
248200;;;SILVER;DOLLARS;2036.0;1
248200;;;BRONZE;DOLLARS;1932.0;1
248400;;;SILVER;DOLLARS;2040.0;2
248400;;;GOLD;DOLLARS;10005.0;2
248400;;;BRONZE;DOLLARS;1935.0;2
248700;;;GOLD;DOLLARS;10005.0;4
248800;;;SILVER;DOLLARS;2036.0;1
248800;;;BRONZE;DOLLARS;1932.0;1
248900;;;SILVER;DOLLARS;2036.0;1
248900;;;BRONZE;DOLLARS;1933.0;1
249100;;;GOLD;DOLLARS;9998.0;1
249200;;;SILVER;DOLLARS;2038.0;1
249200;;;BRONZE;DOLLARS;1935.0;1
249200;;;BRONZE;DOLLARS;1935.0;3
249400;;;SILVER;DOLLARS;2036.0;1
249400;;;GOLD;DOLLARS;9998.0;4
249400;;;BRONZE;DOLLARS;1934.0;1
249500;;;GOLD;DOLLARS;9998.0;1
249600;;;SILVER;DOLLARS;2036.0;7
249600;;;BRONZE;DOLLARS;1933.0;2
249600;;;BRONZE;DOLLARS;1933.0;5
249700;;;GOLD;DOLLARS;10002.0;1
249700;;;GOLD;DOLLARS;9996.0;1
249800;;;SILVER;DOLLARS;2039.0;6
249800;;;BRONZE;DOLLARS;1930.0;6
250000;;;GOLD;DOLLARS;10002.0;5
250100;;;SILVER;DOLLARS;2036.0;15
250100;;;BRONZE;DOLLARS;1926.0;15
250200;;;GOLD;DOLLARS;9995.0;9
250400;;;SILVER;DOLLARS;2039.0;2
250400;;;GOLD;DOLLARS;9998.0;1
250400;;;BRONZE;DOLLARS;1930.0;2
250700;;;SILVER;DOLLARS;2038.0;4
250700;;;BRONZE;DOLLARS;1924.0;4
251400;;;SILVER;DOLLARS;2038.0;1
251400;;;SILVER;DOLLARS;2037.0;4
251400;;;BRONZE;DOLLARS;1927.0;1
251400;;;BRONZE;DOLLARS;1926.0;4
251700;;;SILVER;DOLLARS;2038.0;1
251700;;;BRONZE;DOLLARS;1929.0;1
252000;;;SILVER;DOLLARS;2036.0;1
252000;;;GOLD;DOLLARS;9998.0;1
252000;;;BRONZE;DOLLARS;1927.0;1
252100;;;SILVER;DOLLARS;2036.0;3
252100;;;BRONZE;DOLLARS;1929.0;3
252700;;;SILVER;DOLLARS;2038.0;1
252700;;;BRONZE;DOLLARS;1931.0;1
252800;;;SILVER;DOLLARS;2039.0;2
252800;;;GOLD;DOLLARS;10004.0;1
252800;;;BRONZE;DOLLARS;1932.0;2
253100;;;SILVER;DOLLARS;2039.0;1
253100;;;GOLD;DOLLARS;10004.0;1
253100;;;BRONZE;DOLLARS;1934.0;1
253400;;;BRONZE;DOLLARS;1930.0;1
253600;;;SILVER;DOLLARS;2038.0;1
253600;;;BRONZE;DOLLARS;1933.0;1
253800;;;GOLD;DOLLARS;10002.0;1
254000;;;SILVER;DOLLARS;2035.0;1
254000;;;BRONZE;DOLLARS;1928.0;1
254200;;;GOLD;DOLLARS;10004.0;1
254200;;;GOLD;DOLLARS;10004.0;10
254400;;;SILVER;DOLLARS;2036.0;5
254800;;;GOLD;DOLLARS;9996.0;2
254900;;;GOLD;DOLLARS;9998.0;2
255100;;;GOLD;DOLLARS;9998.0;1
255500;;;SILVER;DOLLARS;2036.0;1
255500;;;SILVER;DOLLARS;2039.0;1
255500;;;GOLD;DOLLARS;10005.0;1
255500;;;BRONZE;DOLLARS;1925.0;1
255500;;;BRONZE;DOLLARS;1928.0;1
255800;;;SILVER;DOLLARS;2038.0;5
255800;;;SILVER;DOLLARS;2036.0;5
255800;;;GOLD;DOLLARS;9998.0;5
255800;;;BRONZE;DOLLARS;1925.0;5
255800;;;BRONZE;DOLLARS;1924.0;5
255900;;;GOLD;DOLLARS;9998.0;1
256000;;;SILVER;DOLLARS;2038.0;1
256000;;;BRONZE;DOLLARS;1926.0;1
256100;;;SILVER;DOLLARS;2036.0;1
256100;;;SILVER;DOLLARS;2039.0;15
256100;;;GOLD;DOLLARS;9998.0;4
256100;;;BRONZE;DOLLARS;1925.0;1
256100;;;BRONZE;DOLLARS;1928.0;15
256200;;;SILVER;DOLLARS;2038.0;1
256200;;;BRONZE;DOLLARS;1928.0;1
256400;;;SILVER;DOLLARS;2036.0;1
256400;;;BRONZE;DOLLARS;1927.0;1
256500;;;SILVER;DOLLARS;2036.0;1
256500;;;BRONZE;DOLLARS;1929.0;1
257200;;;SILVER;DOLLARS;2036.0;1
257200;;;BRONZE;DOLLARS;1929.0;1
257400;;;GOLD;DOLLARS;9998.0;4
257500;;;GOLD;DOLLARS;10002.0;1
257800;;;GOLD;DOLLARS;9995.0;6
257900;;;SILVER;DOLLARS;2040.0;2
257900;;;GOLD;DOLLARS;9998.0;1
257900;;;BRONZE;DOLLARS;1936.0;2
258000;;;GOLD;DOLLARS;9998.0;5
258200;;;SILVER;DOLLARS;2036.0;14
258200;;;BRONZE;DOLLARS;1933.0;14
258500;;;SILVER;DOLLARS;2039.0;2
258500;;;GOLD;DOLLARS;10002.0;2
258500;;;GOLD;DOLLARS;10002.0;2
258500;;;BRONZE;DOLLARS;1936.0;2
258900;;;SILVER;DOLLARS;2036.0;1
258900;;;GOLD;DOLLARS;10002.0;1
258900;;;BRONZE;DOLLARS;1934.0;1
259000;;;SILVER;DOLLARS;2039.0;2
259000;;;GOLD;DOLLARS;10004.0;2
259000;;;BRONZE;DOLLARS;1936.0;2
259400;;;SILVER;DOLLARS;2036.0;1
259400;;;BRONZE;DOLLARS;1933.0;1
259700;;;SILVER;DOLLARS;2036.0;1
259700;;;BRONZE;DOLLARS;1932.0;1
260300;;;GOLD;DOLLARS;10002.0;1
260500;;;BRONZE;DOLLARS;1931.0;5
260700;;;SILVER;DOLLARS;2036.0;4
260700;;;SILVER;DOLLARS;2036.0;1
260700;;;GOLD;DOLLARS;9998.0;1
260700;;;BRONZE;DOLLARS;1929.0;4
260700;;;BRONZE;DOLLARS;1929.0;1
260800;;;BRONZE;DOLLARS;1931.0;1
261000;;;SILVER;DOLLARS;2036.0;5
261000;;;BRONZE;DOLLARS;1929.0;5
261100;;;SILVER;DOLLARS;2035.0;10
261100;;;BRONZE;DOLLARS;1929.0;10
261200;;;SILVER;DOLLARS;2037.0;1
261200;;;BRONZE;DOLLARS;1931.0;1
261400;;;SILVER;DOLLARS;2035.0;1
261400;;;BRONZE;DOLLARS;1928.0;1
261600;;;GOLD;DOLLARS;9998.0;5
261800;;;SILVER;DOLLARS;2035.0;1
261800;;;GOLD;DOLLARS;9995.0;1
261800;;;BRONZE;DOLLARS;1927.0;1
262100;;;SILVER;DOLLARS;2036.0;1
262100;;;GOLD;DOLLARS;10002.0;1
262100;;;BRONZE;DOLLARS;1927.0;1
262100;;;BRONZE;DOLLARS;1930.0;13
262700;;;SILVER;DOLLARS;2036.0;1
262700;;;BRONZE;DOLLARS;1928.0;1
263200;;;GOLD;DOLLARS;10004.0;2
263300;;;GOLD;DOLLARS;9998.0;2
263300;;;GOLD;DOLLARS;9998.0;1
263900;;;GOLD;DOLLARS;10002.0;4
263900;;;GOLD;DOLLARS;10002.0;1
264100;;;SILVER;DOLLARS;2038.0;2
264100;;;GOLD;DOLLARS;10005.0;2
264100;;;BRONZE;DOLLARS;1929.0;2
264300;;;SILVER;DOLLARS;2035.0;4
264300;;;BRONZE;DOLLARS;1927.0;4
264500;;;SILVER;DOLLARS;2035.0;2
264500;;;GOLD;DOLLARS;9998.0;1
264500;;;BRONZE;DOLLARS;1928.0;2
264700;;;SILVER;DOLLARS;2037.0;3
264700;;;SILVER;DOLLARS;2037.0;10
264700;;;GOLD;DOLLARS;9998.0;4
264700;;;GOLD;DOLLARS;9998.0;1
264700;;;BRONZE;DOLLARS;1928.0;3
264800;;;GOLD;DOLLARS;10004.0;2
265200;;;SILVER;DOLLARS;2037.0;1
265200;;;BRONZE;DOLLARS;1925.0;1
265600;;;GOLD;DOLLARS;9998.0;1
265900;;;GOLD;DOLLARS;9995.0;4
266000;;;GOLD;DOLLARS;9998.0;1
266100;;;SILVER;DOLLARS;2037.0;1
266100;;;BRONZE;DOLLARS;1922.0;1
266700;;;SILVER;DOLLARS;2038.0;2
266700;;;GOLD;DOLLARS;10005.0;2
266700;;;BRONZE;DOLLARS;1924.0;2
267100;;;GOLD;DOLLARS;10002.0;2
267900;;;GOLD;DOLLARS;10004.0;1
267900;;;GOLD;DOLLARS;10004.0;4
268200;;;SILVER;DOLLARS;2036.0;1
268200;;;SILVER;DOLLARS;2039.0;2
268200;;;GOLD;DOLLARS;10005.0;2
268200;;;BRONZE;DOLLARS;1925.0;1
268200;;;BRONZE;DOLLARS;1928.0;2
268300;;;SILVER;DOLLARS;2035.0;1
268300;;;GOLD;DOLLARS;9995.0;1
268300;;;BRONZE;DOLLARS;1924.0;1
268400;;;SILVER;DOLLARS;2038.0;1
268400;;;BRONZE;DOLLARS;1925.0;1
268500;;;SILVER;DOLLARS;2035.0;1
268500;;;BRONZE;DOLLARS;1924.0;1
269200;;;SILVER;DOLLARS;2038.0;1
269200;;;BRONZE;DOLLARS;1925.0;1
269400;;;SILVER;DOLLARS;2036.0;1
269400;;;BRONZE;DOLLARS;1922.0;1
269700;;;SILVER;DOLLARS;2038.0;1
269700;;;BRONZE;DOLLARS;1926.0;1
270100;;;GOLD;DOLLARS;9996.0;2
270100;;;GOLD;DOLLARS;9996.0;4
270100;;;GOLD;DOLLARS;9998.0;1
270300;;;SILVER;DOLLARS;2039.0;6
270300;;;BRONZE;DOLLARS;1925.0;6
270500;;;SILVER;DOLLARS;2037.0;1
270500;;;GOLD;DOLLARS;10002.0;1
270500;;;BRONZE;DOLLARS;1922.0;1
271200;;;SILVER;DOLLARS;2037.0;1
271200;;;BRONZE;DOLLARS;1920.0;1
271400;;;GOLD;DOLLARS;10002.0;1
271500;;;GOLD;DOLLARS;10005.0;6
272200;;;BRONZE;DOLLARS;1922.0;5
272300;;;SILVER;DOLLARS;2034.0;1
272300;;;BRONZE;DOLLARS;1919.0;1
272500;;;SILVER;DOLLARS;2034.0;2
272500;;;GOLD;DOLLARS;9996.0;2
272500;;;BRONZE;DOLLARS;1917.0;2
272900;;;SILVER;DOLLARS;2034.0;1
272900;;;BRONZE;DOLLARS;1916.0;1
273100;;;GOLD;DOLLARS;10002.0;2
273400;;;SILVER;DOLLARS;2034.0;15
273400;;;BRONZE;DOLLARS;1917.0;15
273500;;;GOLD;DOLLARS;10002.0;1
273500;;;GOLD;DOLLARS;9995.0;10
273700;;;GOLD;DOLLARS;10004.0;1
274000;;;GOLD;DOLLARS;9996.0;1
274300;;;SILVER;DOLLARS;2038.0;1
274300;;;GOLD;DOLLARS;10004.0;1
274300;;;BRONZE;DOLLARS;1925.0;1
274700;;;SILVER;DOLLARS;2037.0;5
274700;;;BRONZE;DOLLARS;1926.0;5
274900;;;SILVER;DOLLARS;2035.0;2
274900;;;GOLD;DOLLARS;9996.0;2
274900;;;BRONZE;DOLLARS;1925.0;2
275500;;;GOLD;DOLLARS;9996.0;1
275600;;;GOLD;DOLLARS;9998.0;1
275700;;;GOLD;DOLLARS;9998.0;1
275900;;;SILVER;DOLLARS;2037.0;3
275900;;;BRONZE;DOLLARS;1928.0;3
276300;;;SILVER;DOLLARS;2039.0;1
276300;;;GOLD;DOLLARS;10004.0;1
276300;;;BRONZE;DOLLARS;1929.0;1
276800;;;SILVER;DOLLARS;2036.0;15
276800;;;BRONZE;DOLLARS;1925.0;15
277300;;;SILVER;DOLLARS;2036.0;4
277300;;;BRONZE;DOLLARS;1921.0;4
277600;;;SILVER;DOLLARS;2036.0;1
277600;;;BRONZE;DOLLARS;1923.0;1
277800;;;GOLD;DOLLARS;10002.0;1
278000;;;SILVER;DOLLARS;2037.0;2
278000;;;SILVER;DOLLARS;2037.0;1
278000;;;GOLD;DOLLARS;9996.0;1
278000;;;BRONZE;DOLLARS;1923.0;1
278100;;;SILVER;DOLLARS;2037.0;1
278100;;;BRONZE;DOLLARS;1923.0;1
278500;;;SILVER;DOLLARS;2039.0;1
278500;;;BRONZE;DOLLARS;1925.0;1
278700;;;SILVER;DOLLARS;2039.0;1
278700;;;GOLD;DOLLARS;10002.0;1
278700;;;GOLD;DOLLARS;10002.0;1
278700;;;BRONZE;DOLLARS;1924.0;1
279000;;;SILVER;DOLLARS;2039.0;1
279000;;;BRONZE;DOLLARS;1923.0;1
279300;;;SILVER;DOLLARS;2037.0;1
279300;;;BRONZE;DOLLARS;1922.0;1
279600;;;SILVER;DOLLARS;2037.0;1
279600;;;GOLD;DOLLARS;10002.0;1
279600;;;BRONZE;DOLLARS;1922.0;1
280000;;;GOLD;DOLLARS;9996.0;1
280000;;;GOLD;DOLLARS;9996.0;1
280500;;;SILVER;DOLLARS;2037.0;1
280500;;;SILVER;DOLLARS;2036.0;2
280500;;;GOLD;DOLLARS;9996.0;1
280500;;;BRONZE;DOLLARS;1920.0;1
280500;;;BRONZE;DOLLARS;1920.0;2
280700;;;SILVER;DOLLARS;2039.0;1
280700;;;BRONZE;DOLLARS;1922.0;1
280800;;;GOLD;DOLLARS;10002.0;1
280800;;;GOLD;DOLLARS;10002.0;1
281200;;;GOLD;DOLLARS;9998.0;4
281200;;;GOLD;DOLLARS;9998.0;3
281300;;;BRONZE;DOLLARS;1921.0;1
281400;;;SILVER;DOLLARS;2037.0;2
281400;;;BRONZE;DOLLARS;1921.0;2
281700;;;SILVER;DOLLARS;2039.0;1
281700;;;GOLD;DOLLARS;10004.0;1
281700;;;BRONZE;DOLLARS;1924.0;1
282100;;;SILVER;DOLLARS;2036.0;1
282100;;;BRONZE;DOLLARS;1922.0;1
282800;;;GOLD;DOLLARS;9998.0;1
282900;;;SILVER;DOLLARS;2038.0;1
283400;;;SILVER;DOLLARS;2036.0;1
283500;;;SILVER;DOLLARS;2036.0;4
283500;;;SILVER;DOLLARS;2036.0;1
283500;;;BRONZE;DOLLARS;1922.0;5
283600;;;SILVER;DOLLARS;2036.0;1
283600;;;SILVER;DOLLARS;2039.0;2
283600;;;GOLD;DOLLARS;10004.0;2
283600;;;BRONZE;DOLLARS;1919.0;1
283600;;;BRONZE;DOLLARS;1922.0;2
283700;;;SILVER;DOLLARS;2038.0;1
283700;;;BRONZE;DOLLARS;1922.0;1
283800;;;BRONZE;DOLLARS;1920.0;5
283900;;;SILVER;DOLLARS;2036.0;1
283900;;;BRONZE;DOLLARS;1921.0;1
284200;;;SILVER;DOLLARS;2039.0;10
284200;;;BRONZE;DOLLARS;1924.0;10
284700;;;SILVER;DOLLARS;2036.0;2
284700;;;GOLD;DOLLARS;9996.0;2
284700;;;BRONZE;DOLLARS;1921.0;2
284800;;;SILVER;DOLLARS;2036.0;1
284800;;;BRONZE;DOLLARS;1920.0;1
285000;;;GOLD;DOLLARS;9996.0;1
285500;;;SILVER;DOLLARS;2036.0;1
285500;;;SILVER;DOLLARS;2037.0;1
285500;;;BRONZE;DOLLARS;1921.0;1
285500;;;BRONZE;DOLLARS;1922.0;1
285700;;;SILVER;DOLLARS;2036.0;1
285700;;;BRONZE;DOLLARS;1921.0;1
286000;;;BRONZE;DOLLARS;1924.0;2
286400;;;SILVER;DOLLARS;2039.0;1
286400;;;GOLD;DOLLARS;10004.0;1
286400;;;BRONZE;DOLLARS;1927.0;1
286500;;;SILVER;DOLLARS;2038.0;1
286500;;;BRONZE;DOLLARS;1926.0;1
286600;;;SILVER;DOLLARS;2039.0;1
286600;;;GOLD;DOLLARS;10004.0;1
286600;;;BRONZE;DOLLARS;1927.0;1
286800;;;GOLD;DOLLARS;9998.0;1
287000;;;BRONZE;DOLLARS;1927.0;1
287200;;;GOLD;DOLLARS;10002.0;1
287300;;;SILVER;DOLLARS;2036.0;1
287300;;;BRONZE;DOLLARS;1924.0;1
287900;;;SILVER;DOLLARS;2036.0;2
287900;;;BRONZE;DOLLARS;1923.0;4
288900;;;SILVER;DOLLARS;2039.0;5
288900;;;BRONZE;DOLLARS;1922.0;5
289300;;;SILVER;DOLLARS;2037.0;6
289300;;;SILVER;DOLLARS;2037.0;2
289300;;;BRONZE;DOLLARS;1921.0;6
289300;;;BRONZE;DOLLARS;1921.0;2
289600;;;SILVER;DOLLARS;2035.0;12
289600;;;BRONZE;DOLLARS;1920.0;12
289900;;;SILVER;DOLLARS;2035.0;2
289900;;;GOLD;DOLLARS;10005.0;2
289900;;;GOLD;DOLLARS;9995.0;2
289900;;;BRONZE;DOLLARS;1921.0;2
290200;;;SILVER;DOLLARS;2037.0;1
290200;;;BRONZE;DOLLARS;1923.0;1
290400;;;SILVER;DOLLARS;2038.0;1
290400;;;GOLD;DOLLARS;10004.0;2
290400;;;GOLD;DOLLARS;10005.0;1
290400;;;GOLD;DOLLARS;10004.0;6
290400;;;BRONZE;DOLLARS;1924.0;1
290800;;;SILVER;DOLLARS;2035.0;4
290800;;;GOLD;DOLLARS;9998.0;1
290800;;;BRONZE;DOLLARS;1923.0;4
290900;;;SILVER;DOLLARS;2035.0;1
290900;;;GOLD;DOLLARS;9996.0;1
290900;;;BRONZE;DOLLARS;1922.0;1
291200;;;GOLD;DOLLARS;9998.0;1
291400;;;SILVER;DOLLARS;2035.0;1
291400;;;BRONZE;DOLLARS;1922.0;1
291500;;;GOLD;DOLLARS;9995.0;7
291600;;;GOLD;DOLLARS;10004.0;2
291900;;;SILVER;DOLLARS;2035.0;2
291900;;;BRONZE;DOLLARS;1924.0;2
291900;;;BRONZE;DOLLARS;1924.0;1
292200;;;SILVER;DOLLARS;2037.0;15
292200;;;BRONZE;DOLLARS;1928.0;15
292400;;;SILVER;DOLLARS;2037.0;13
292400;;;BRONZE;DOLLARS;1929.0;13
292500;;;GOLD;DOLLARS;9998.0;1
292600;;;SILVER;DOLLARS;2037.0;1
292600;;;GOLD;DOLLARS;10004.0;1
292600;;;BRONZE;DOLLARS;1929.0;1
292800;;;SILVER;DOLLARS;2036.0;1
292800;;;GOLD;DOLLARS;10002.0;1
292800;;;BRONZE;DOLLARS;1928.0;1
292900;;;GOLD;DOLLARS;10004.0;2
293500;;;SILVER;DOLLARS;2033.0;5
293500;;;SILVER;DOLLARS;2034.0;1
293500;;;SILVER;DOLLARS;2034.0;3
293500;;;GOLD;DOLLARS;10000.0;1
293500;;;BRONZE;DOLLARS;1927.0;5
293500;;;BRONZE;DOLLARS;1928.0;1
293500;;;BRONZE;DOLLARS;1928.0;3
293800;;;SILVER;DOLLARS;2033.0;1
293800;;;BRONZE;DOLLARS;1929.0;1
293900;;;SILVER;DOLLARS;2035.0;1
293900;;;GOLD;DOLLARS;9998.0;1
293900;;;BRONZE;DOLLARS;1930.0;1
294200;;;SILVER;DOLLARS;2033.0;3
294200;;;SILVER;DOLLARS;2033.0;2
294200;;;BRONZE;DOLLARS;1930.0;3
294200;;;BRONZE;DOLLARS;1930.0;2
294300;;;SILVER;DOLLARS;2032.0;2
294300;;;GOLD;DOLLARS;9996.0;1
294300;;;BRONZE;DOLLARS;1932.0;2
294400;;;GOLD;DOLLARS;10005.0;3
294500;;;GOLD;DOLLARS;9998.0;1
294600;;;SILVER;DOLLARS;2036.0;15
294600;;;BRONZE;DOLLARS;1934.0;15
295000;;;SILVER;DOLLARS;2033.0;10
295000;;;BRONZE;DOLLARS;1934.0;10
295600;;;SILVER;DOLLARS;2034.0;1
295600;;;BRONZE;DOLLARS;1935.0;1
296400;;;GOLD;DOLLARS;9998.0;5
296800;;;GOLD;DOLLARS;10002.0;5
297100;;;SILVER;DOLLARS;2034.0;14
297100;;;SILVER;DOLLARS;2037.0;1
297100;;;GOLD;DOLLARS;10004.0;1
297100;;;BRONZE;DOLLARS;1931.0;14
297100;;;BRONZE;DOLLARS;1934.0;1
297600;;;SILVER;DOLLARS;2033.0;2
297600;;;GOLD;DOLLARS;10002.0;2
297600;;;BRONZE;DOLLARS;1932.0;2
298400;;;GOLD;DOLLARS;9998.0;1
298700;;;SILVER;DOLLARS;2033.0;15
298700;;;BRONZE;DOLLARS;1929.0;15
298900;;;SILVER;DOLLARS;2033.0;1
298900;;;GOLD;DOLLARS;9995.0;1
298900;;;BRONZE;DOLLARS;1928.0;1
299200;;;GOLD;DOLLARS;9996.0;2
299200;;;GOLD;DOLLARS;9996.0;10
299400;;;SILVER;DOLLARS;2033.0;1
299400;;;SILVER;DOLLARS;2033.0;2
299400;;;GOLD;DOLLARS;9996.0;1
299400;;;BRONZE;DOLLARS;1926.0;1
299400;;;BRONZE;DOLLARS;1926.0;2
299500;;;SILVER;DOLLARS;2034.0;5
299500;;;BRONZE;DOLLARS;1927.0;5
299600;;;SILVER;DOLLARS;2033.0;1
299600;;;BRONZE;DOLLARS;1924.0;1
299700;;;SILVER;DOLLARS;2033.0;2
299700;;;BRONZE;DOLLARS;1925.0;2
299800;;;SILVER;DOLLARS;2036.0;1
299800;;;GOLD;DOLLARS;9998.0;1
299800;;;GOLD;DOLLARS;10004.0;1
299800;;;BRONZE;DOLLARS;1928.0;1
299900;;;SILVER;DOLLARS;2033.0;1
299900;;;GOLD;DOLLARS;9996.0;1
299900;;;BRONZE;DOLLARS;1925.0;1
300300;;;SILVER;DOLLARS;2035.0;1
300300;;;BRONZE;DOLLARS;1927.0;1
300400;;;SILVER;DOLLARS;2033.0;1
300400;;;SILVER;DOLLARS;2033.0;2
300400;;;GOLD;DOLLARS;9995.0;2
300400;;;BRONZE;DOLLARS;1926.0;1
300400;;;BRONZE;DOLLARS;1926.0;2
300700;;;SILVER;DOLLARS;2035.0;1
300700;;;BRONZE;DOLLARS;1929.0;1
300800;;;SILVER;DOLLARS;2033.0;1
300800;;;BRONZE;DOLLARS;1929.0;1
301200;;;SILVER;DOLLARS;2035.0;1
301200;;;SILVER;DOLLARS;2035.0;7
301200;;;SILVER;DOLLARS;2035.0;1
301200;;;SILVER;DOLLARS;2035.0;1
301200;;;GOLD;DOLLARS;10004.0;1
301200;;;GOLD;DOLLARS;10004.0;1
301200;;;BRONZE;DOLLARS;1931.0;1
301200;;;BRONZE;DOLLARS;1931.0;7
301200;;;BRONZE;DOLLARS;1931.0;1
301800;;;SILVER;DOLLARS;2033.0;14
301800;;;BRONZE;DOLLARS;1932.0;14
301900;;;GOLD;DOLLARS;10002.0;1
302100;;;GOLD;DOLLARS;9998.0;1
302400;;;SILVER;DOLLARS;2033.0;1
302400;;;BRONZE;DOLLARS;1933.0;1
302600;;;GOLD;DOLLARS;9998.0;1
302700;;;GOLD;DOLLARS;9998.0;1
303000;;;GOLD;DOLLARS;9998.0;5
303100;;;SILVER;DOLLARS;2034.0;1
303100;;;GOLD;DOLLARS;9998.0;1
303100;;;BRONZE;DOLLARS;1935.0;1
303500;;;SILVER;DOLLARS;2036.0;5
303900;;;GOLD;DOLLARS;9998.0;1
304400;;;SILVER;DOLLARS;2036.0;1
304400;;;BRONZE;DOLLARS;1935.0;1
304600;;;SILVER;DOLLARS;2036.0;1
304600;;;SILVER;DOLLARS;2035.0;1
304600;;;BRONZE;DOLLARS;1935.0;1
304600;;;BRONZE;DOLLARS;1934.0;1
305000;;;SILVER;DOLLARS;2033.0;1
305000;;;BRONZE;DOLLARS;1934.0;1
305100;;;GOLD;DOLLARS;10002.0;1
305200;;;GOLD;DOLLARS;10002.0;1
305300;;;GOLD;DOLLARS;9998.0;5
305500;;;SILVER;DOLLARS;2034.0;5
305500;;;BRONZE;DOLLARS;1932.0;5
305700;;;SILVER;DOLLARS;2033.0;1
305700;;;SILVER;DOLLARS;2034.0;4
305700;;;BRONZE;DOLLARS;1931.0;4
305700;;;BRONZE;DOLLARS;1931.0;1
305900;;;SILVER;DOLLARS;2035.0;1
305900;;;SILVER;DOLLARS;2033.0;2
305900;;;GOLD;DOLLARS;9996.0;1
305900;;;BRONZE;DOLLARS;1934.0;1
305900;;;BRONZE;DOLLARS;1932.0;1
306100;;;SILVER;DOLLARS;2037.0;1
306100;;;GOLD;DOLLARS;10004.0;1
306100;;;GOLD;DOLLARS;10005.0;1
306100;;;BRONZE;DOLLARS;1936.0;1
306500;;;GOLD;DOLLARS;9996.0;2
306800;;;SILVER;DOLLARS;2034.0;8
306800;;;BRONZE;DOLLARS;1928.0;1
306800;;;BRONZE;DOLLARS;1928.0;7
307000;;;GOLD;DOLLARS;9998.0;3
307100;;;SILVER;DOLLARS;2034.0;1
307200;;;SILVER;DOLLARS;2034.0;2
307200;;;GOLD;DOLLARS;9995.0;2
307200;;;BRONZE;DOLLARS;1927.0;2
307300;;;SILVER;DOLLARS;2035.0;6
307300;;;BRONZE;DOLLARS;1928.0;6
307700;;;SILVER;DOLLARS;2034.0;1
307700;;;BRONZE;DOLLARS;1924.0;1
308500;;;SILVER;DOLLARS;2036.0;1
308500;;;GOLD;DOLLARS;9995.0;1
308500;;;BRONZE;DOLLARS;1923.0;1
308600;;;SILVER;DOLLARS;2034.0;1
308600;;;GOLD;DOLLARS;9998.0;1
308600;;;BRONZE;DOLLARS;1922.0;1
308900;;;SILVER;DOLLARS;2034.0;9
308900;;;BRONZE;DOLLARS;1921.0;9
309000;;;SILVER;DOLLARS;2034.0;1
309000;;;BRONZE;DOLLARS;1920.0;1
309200;;;SILVER;DOLLARS;2035.0;2
309200;;;BRONZE;DOLLARS;1917.0;2
309300;;;GOLD;DOLLARS;9998.0;1
309400;;;SILVER;DOLLARS;2036.0;1
309400;;;GOLD;DOLLARS;10002.0;1
309800;;;GOLD;DOLLARS;10002.0;1
310000;;;GOLD;DOLLARS;10002.0;1
310100;;;SILVER;DOLLARS;2036.0;1
310100;;;BRONZE;DOLLARS;1918.0;1
310300;;;BRONZE;DOLLARS;1916.0;1
310500;;;GOLD;DOLLARS;9998.0;1
310700;;;SILVER;DOLLARS;2036.0;3
310800;;;SILVER;DOLLARS;2036.0;1
310800;;;BRONZE;DOLLARS;1918.0;1
310900;;;SILVER;DOLLARS;2034.0;1
310900;;;BRONZE;DOLLARS;1916.0;1
311000;;;GOLD;DOLLARS;9998.0;1
311100;;;SILVER;DOLLARS;2036.0;1
311100;;;BRONZE;DOLLARS;1918.0;1
311300;;;SILVER;DOLLARS;2034.0;1
311300;;;SILVER;DOLLARS;2034.0;4
311300;;;BRONZE;DOLLARS;1914.0;1
311300;;;BRONZE;DOLLARS;1914.0;4
311600;;;SILVER;DOLLARS;2034.0;2
311600;;;SILVER;DOLLARS;2034.0;1
311600;;;BRONZE;DOLLARS;1912.0;3
311600;;;BRONZE;DOLLARS;1912.0;3
311700;;;SILVER;DOLLARS;2034.0;1
311700;;;BRONZE;DOLLARS;1913.0;1
311800;;;GOLD;DOLLARS;10002.0;1
312100;;;SILVER;DOLLARS;2034.0;1
312300;;;SILVER;DOLLARS;2034.0;15
312300;;;GOLD;DOLLARS;9996.0;1
312300;;;BRONZE;DOLLARS;1911.0;15
312400;;;GOLD;DOLLARS;9998.0;1
312500;;;SILVER;DOLLARS;2034.0;1
312500;;;SILVER;DOLLARS;2036.0;5
312500;;;BRONZE;DOLLARS;1912.0;1
312500;;;BRONZE;DOLLARS;1913.0;5
312700;;;SILVER;DOLLARS;2037.0;4
312700;;;BRONZE;DOLLARS;1912.0;4
313500;;;GOLD;DOLLARS;10004.0;2
313500;;;GOLD;DOLLARS;10004.0;6
314200;;;SILVER;DOLLARS;2034.0;2
314200;;;GOLD;DOLLARS;9996.0;1
314200;;;BRONZE;DOLLARS;1909.0;2
314400;;;SILVER;DOLLARS;2034.0;1
314400;;;GOLD;DOLLARS;9996.0;1
314400;;;BRONZE;DOLLARS;1909.0;1
314500;;;BRONZE;DOLLARS;1909.0;4
314800;;;GOLD;DOLLARS;10002.0;4
314900;;;SILVER;DOLLARS;2034.0;1
314900;;;GOLD;DOLLARS;9996.0;1
314900;;;BRONZE;DOLLARS;1916.0;1
315100;;;SILVER;DOLLARS;2034.0;1
315100;;;GOLD;DOLLARS;9998.0;1
315100;;;BRONZE;DOLLARS;1918.0;1
315200;;;SILVER;DOLLARS;2037.0;11
315200;;;BRONZE;DOLLARS;1921.0;11
315800;;;SILVER;DOLLARS;2036.0;5
315800;;;BRONZE;DOLLARS;1917.0;5
316000;;;SILVER;DOLLARS;2036.0;1
316000;;;BRONZE;DOLLARS;1918.0;1
316300;;;BRONZE;DOLLARS;1919.0;1
316400;;;GOLD;DOLLARS;10002.0;1
316500;;;SILVER;DOLLARS;2034.0;1
316500;;;BRONZE;DOLLARS;1921.0;1
316600;;;SILVER;DOLLARS;2034.0;2
316600;;;GOLD;DOLLARS;9996.0;2
316600;;;BRONZE;DOLLARS;1920.0;2
317000;;;SILVER;DOLLARS;2037.0;1
317000;;;GOLD;DOLLARS;9998.0;1
317000;;;BRONZE;DOLLARS;1924.0;1
317100;;;SILVER;DOLLARS;2034.0;1
317100;;;BRONZE;DOLLARS;1921.0;1
317200;;;SILVER;DOLLARS;2034.0;1
317200;;;BRONZE;DOLLARS;1922.0;1
317300;;;GOLD;DOLLARS;9998.0;1
317400;;;SILVER;DOLLARS;2034.0;1
317400;;;SILVER;DOLLARS;2035.0;5
317400;;;BRONZE;DOLLARS;1923.0;1
317500;;;SILVER;DOLLARS;2036.0;1
317500;;;BRONZE;DOLLARS;1926.0;1
317900;;;SILVER;DOLLARS;2036.0;1
317900;;;BRONZE;DOLLARS;1925.0;1
318500;;;SILVER;DOLLARS;2036.0;1
318500;;;SILVER;DOLLARS;2036.0;4
318500;;;BRONZE;DOLLARS;1924.0;1
318500;;;BRONZE;DOLLARS;1924.0;4
318600;;;SILVER;DOLLARS;2034.0;2
318600;;;GOLD;DOLLARS;9996.0;1
318600;;;GOLD;DOLLARS;9996.0;1
318600;;;BRONZE;DOLLARS;1923.0;2
319300;;;GOLD;DOLLARS;9996.0;1
319500;;;GOLD;DOLLARS;10002.0;1
319500;;;GOLD;DOLLARS;10002.0;7
319800;;;SILVER;DOLLARS;2035.0;4
319800;;;BRONZE;DOLLARS;1921.0;4
320000;;;GOLD;DOLLARS;10002.0;1
320100;;;GOLD;DOLLARS;10005.0;2
320300;;;GOLD;DOLLARS;10002.0;1
320600;;;SILVER;DOLLARS;2034.0;1
320600;;;GOLD;DOLLARS;9996.0;1
320600;;;BRONZE;DOLLARS;1923.0;1
320900;;;SILVER;DOLLARS;2034.0;1
320900;;;SILVER;DOLLARS;2034.0;7
320900;;;BRONZE;DOLLARS;1923.0;1
320900;;;BRONZE;DOLLARS;1923.0;7
321000;;;SILVER;DOLLARS;2034.0;1
321000;;;BRONZE;DOLLARS;1922.0;1
321100;;;SILVER;DOLLARS;2034.0;2
321100;;;BRONZE;DOLLARS;1923.0;2
321200;;;GOLD;DOLLARS;9998.0;1
321500;;;GOLD;DOLLARS;10002.0;1
321600;;;GOLD;DOLLARS;9998.0;1
321700;;;GOLD;DOLLARS;10002.0;2
322000;;;BRONZE;DOLLARS;1922.0;1
322400;;;SILVER;DOLLARS;2034.0;14
322400;;;BRONZE;DOLLARS;1924.0;14
322600;;;GOLD;DOLLARS;10002.0;1
322600;;;BRONZE;DOLLARS;1932.0;3
322700;;;SILVER;DOLLARS;2034.0;15
322700;;;BRONZE;DOLLARS;1931.0;15
322900;;;SILVER;DOLLARS;2035.0;2
322900;;;GOLD;DOLLARS;9998.0;1
322900;;;GOLD;DOLLARS;9998.0;5
322900;;;GOLD;DOLLARS;9998.0;2
322900;;;BRONZE;DOLLARS;1933.0;2
323000;;;SILVER;DOLLARS;2037.0;1
323000;;;BRONZE;DOLLARS;1936.0;1
323600;;;SILVER;DOLLARS;2037.0;1
323600;;;BRONZE;DOLLARS;1938.0;1
323700;;;SILVER;DOLLARS;2036.0;1
323700;;;SILVER;DOLLARS;2036.0;4
323700;;;GOLD;DOLLARS;10002.0;2
323700;;;BRONZE;DOLLARS;1936.0;1
323700;;;BRONZE;DOLLARS;1936.0;4
324100;;;SILVER;DOLLARS;2039.0;2
324100;;;GOLD;DOLLARS;10004.0;1
324100;;;GOLD;DOLLARS;10004.0;1
324100;;;BRONZE;DOLLARS;1940.0;2
324600;;;SILVER;DOLLARS;2035.0;2
324600;;;SILVER;DOLLARS;2035.0;8
324600;;;GOLD;DOLLARS;10002.0;1
324600;;;BRONZE;DOLLARS;1937.0;2
324600;;;BRONZE;DOLLARS;1937.0;8
324800;;;SILVER;DOLLARS;2037.0;1
324800;;;SILVER;DOLLARS;2035.0;6
324800;;;BRONZE;DOLLARS;1941.0;1
324800;;;BRONZE;DOLLARS;1940.0;6
325200;;;SILVER;DOLLARS;2035.0;2
325200;;;BRONZE;DOLLARS;1941.0;2
325400;;;SILVER;DOLLARS;2035.0;1
325400;;;GOLD;DOLLARS;9998.0;1
325400;;;BRONZE;DOLLARS;1940.0;1
325600;;;SILVER;DOLLARS;2038.0;1
325600;;;GOLD;DOLLARS;10004.0;1
325600;;;BRONZE;DOLLARS;1944.0;1
326200;;;SILVER;DOLLARS;2038.0;1
326200;;;GOLD;DOLLARS;10004.0;1
326200;;;GOLD;DOLLARS;10002.0;1
326200;;;BRONZE;DOLLARS;1944.0;1
326500;;;BRONZE;DOLLARS;1942.0;6
326800;;;SILVER;DOLLARS;2035.0;12
326800;;;BRONZE;DOLLARS;1940.0;12
326900;;;SILVER;DOLLARS;2035.0;1
326900;;;GOLD;DOLLARS;10002.0;2
326900;;;BRONZE;DOLLARS;1940.0;1
327300;;;SILVER;DOLLARS;2038.0;1
327300;;;GOLD;DOLLARS;10005.0;1
327300;;;BRONZE;DOLLARS;1945.0;1
327400;;;SILVER;DOLLARS;2035.0;2
327400;;;GOLD;DOLLARS;10002.0;1
327400;;;BRONZE;DOLLARS;1942.0;2
327500;;;SILVER;DOLLARS;2035.0;10
327500;;;BRONZE;DOLLARS;1943.0;10
327800;;;SILVER;DOLLARS;2035.0;1
327800;;;BRONZE;DOLLARS;1939.0;1
328400;;;SILVER;DOLLARS;2037.0;1
328400;;;BRONZE;DOLLARS;1944.0;1
328700;;;SILVER;DOLLARS;2034.0;2
328700;;;GOLD;DOLLARS;9995.0;2
328700;;;BRONZE;DOLLARS;1943.0;2
329500;;;SILVER;DOLLARS;2038.0;2
329500;;;GOLD;DOLLARS;10005.0;2
329500;;;BRONZE;DOLLARS;1951.0;2
329700;;;SILVER;DOLLARS;2035.0;1
329700;;;BRONZE;DOLLARS;1947.0;1
330200;;;SILVER;DOLLARS;2037.0;1
330200;;;BRONZE;DOLLARS;1945.0;1
330300;;;SILVER;DOLLARS;2036.0;1
330300;;;GOLD;DOLLARS;10002.0;2
330300;;;BRONZE;DOLLARS;1944.0;1
330400;;;SILVER;DOLLARS;2035.0;1
330400;;;SILVER;DOLLARS;2037.0;9
330400;;;BRONZE;DOLLARS;1941.0;1
330400;;;BRONZE;DOLLARS;1943.0;9
330600;;;SILVER;DOLLARS;2035.0;1
330600;;;BRONZE;DOLLARS;1943.0;1
330800;;;SILVER;DOLLARS;2038.0;1
330800;;;GOLD;DOLLARS;10004.0;1
330800;;;BRONZE;DOLLARS;1946.0;1
331000;;;BRONZE;DOLLARS;1944.0;5
331100;;;SILVER;DOLLARS;2035.0;1
331100;;;BRONZE;DOLLARS;1946.0;1
331200;;;SILVER;DOLLARS;2035.0;1
331200;;;GOLD;DOLLARS;10002.0;1
331200;;;BRONZE;DOLLARS;1946.0;1
331400;;;GOLD;DOLLARS;9998.0;1
331800;;;GOLD;DOLLARS;10002.0;1
331800;;;BRONZE;DOLLARS;1942.0;2
332100;;;SILVER;DOLLARS;2035.0;1
332100;;;GOLD;DOLLARS;9998.0;1
332100;;;BRONZE;DOLLARS;1940.0;1
332300;;;SILVER;DOLLARS;2034.0;1
332300;;;GOLD;DOLLARS;10002.0;1
332300;;;BRONZE;DOLLARS;1940.0;1
332400;;;SILVER;DOLLARS;2038.0;2
332400;;;GOLD;DOLLARS;10005.0;2
332400;;;BRONZE;DOLLARS;1942.0;2
332600;;;SILVER;DOLLARS;2034.0;10
332600;;;BRONZE;DOLLARS;1938.0;2
332700;;;GOLD;DOLLARS;10004.0;2
332900;;;SILVER;DOLLARS;2034.0;10
332900;;;BRONZE;DOLLARS;1938.0;10
333600;;;BRONZE;DOLLARS;1935.0;3
333700;;;SILVER;DOLLARS;2034.0;15
333700;;;BRONZE;DOLLARS;1935.0;15
334000;;;SILVER;DOLLARS;2036.0;1
334000;;;SILVER;DOLLARS;2035.0;5
334000;;;BRONZE;DOLLARS;1936.0;1
335600;;;SILVER;DOLLARS;2034.0;4
336000;;;SILVER;DOLLARS;2034.0;4
336000;;;BRONZE;DOLLARS;1934.0;4
336100;;;SILVER;DOLLARS;2034.0;1
336100;;;BRONZE;DOLLARS;1931.0;1
336700;;;SILVER;DOLLARS;2035.0;7
336700;;;SILVER;DOLLARS;2035.0;1
336700;;;GOLD;DOLLARS;10004.0;1
336700;;;BRONZE;DOLLARS;1929.0;7
336700;;;BRONZE;DOLLARS;1929.0;1
336900;;;SILVER;DOLLARS;2034.0;4
336900;;;BRONZE;DOLLARS;1928.0;4
337000;;;GOLD;DOLLARS;9998.0;1
337100;;;GOLD;DOLLARS;9998.0;1
337500;;;SILVER;DOLLARS;2037.0;15
337500;;;BRONZE;DOLLARS;1921.0;15
337900;;;SILVER;DOLLARS;2036.0;1
337900;;;BRONZE;DOLLARS;1921.0;1
338100;;;SILVER;DOLLARS;2034.0;14
338100;;;BRONZE;DOLLARS;1919.0;14
338200;;;SILVER;DOLLARS;2034.0;2
338200;;;SILVER;DOLLARS;2034.0;1
338200;;;GOLD;DOLLARS;9996.0;1
338200;;;BRONZE;DOLLARS;1922.0;2
338200;;;BRONZE;DOLLARS;1922.0;1
338300;;;SILVER;DOLLARS;2034.0;1
338300;;;BRONZE;DOLLARS;1923.0;1
338400;;;GOLD;DOLLARS;9998.0;1
339700;;;SILVER;DOLLARS;2033.0;1
339700;;;GOLD;DOLLARS;9995.0;2
339700;;;BRONZE;DOLLARS;1915.0;1
340400;;;SILVER;DOLLARS;2033.0;1
340400;;;GOLD;DOLLARS;9996.0;1
340400;;;BRONZE;DOLLARS;1918.0;1
340900;;;SILVER;DOLLARS;2033.0;14
340900;;;BRONZE;DOLLARS;1919.0;14
340900;;;BRONZE;DOLLARS;1920.0;2
341100;;;SILVER;DOLLARS;2035.0;2
341100;;;GOLD;DOLLARS;9998.0;1
341100;;;BRONZE;DOLLARS;1921.0;2
341400;;;SILVER;DOLLARS;2035.0;1
341400;;;BRONZE;DOLLARS;1918.0;1
342000;;;GOLD;DOLLARS;10002.0;1
342800;;;SILVER;DOLLARS;2033.0;1
342800;;;SILVER;DOLLARS;2033.0;1
342800;;;GOLD;DOLLARS;10004.0;1
342800;;;GOLD;DOLLARS;10004.0;1
342800;;;GOLD;DOLLARS;10004.0;1
342800;;;BRONZE;DOLLARS;1917.0;1
342800;;;BRONZE;DOLLARS;1917.0;1
342900;;;SILVER;DOLLARS;2032.0;1
342900;;;SILVER;DOLLARS;2032.0;2
342900;;;GOLD;DOLLARS;9996.0;1
342900;;;BRONZE;DOLLARS;1917.0;1
342900;;;BRONZE;DOLLARS;1917.0;2
343200;;;GOLD;DOLLARS;10002.0;3
343300;;;SILVER;DOLLARS;2033.0;1
343400;;;SILVER;DOLLARS;2036.0;10
343400;;;BRONZE;DOLLARS;1922.0;10
343800;;;SILVER;DOLLARS;2035.0;1
343800;;;BRONZE;DOLLARS;1920.0;1
344100;;;GOLD;DOLLARS;9998.0;1
344300;;;GOLD;DOLLARS;10002.0;3
344800;;;GOLD;DOLLARS;9995.0;5
344900;;;SILVER;DOLLARS;2032.0;2
344900;;;GOLD;DOLLARS;9995.0;2
344900;;;BRONZE;DOLLARS;1919.0;2
345200;;;SILVER;DOLLARS;2034.0;1
345200;;;BRONZE;DOLLARS;1922.0;1
345300;;;GOLD;DOLLARS;9998.0;1
345500;;;SILVER;DOLLARS;2034.0;1
346100;;;SILVER;DOLLARS;2031.0;5
346100;;;BRONZE;DOLLARS;1919.0;5
346400;;;SILVER;DOLLARS;2031.0;1
346400;;;BRONZE;DOLLARS;1921.0;1
346800;;;GOLD;DOLLARS;10005.0;5
346900;;;GOLD;DOLLARS;9998.0;1
347100;;;GOLD;DOLLARS;10002.0;1
347300;;;GOLD;DOLLARS;10004.0;2
347900;;;GOLD;DOLLARS;9995.0;7
348100;;;GOLD;DOLLARS;9998.0;5
348700;;;SILVER;DOLLARS;2032.0;4
348700;;;BRONZE;DOLLARS;1920.0;4
349300;;;BRONZE;DOLLARS;1923.0;1
350300;;;GOLD;DOLLARS;10002.0;2
350400;;;SILVER;DOLLARS;2031.0;1
350400;;;BRONZE;DOLLARS;1925.0;1
350600;;;SILVER;DOLLARS;2033.0;5
350600;;;SILVER;DOLLARS;2033.0;7
350600;;;BRONZE;DOLLARS;1927.0;5
350600;;;BRONZE;DOLLARS;1927.0;7
350900;;;SILVER;DOLLARS;2033.0;1
350900;;;BRONZE;DOLLARS;1928.0;1
351000;;;GOLD;DOLLARS;10002.0;1
351200;;;SILVER;DOLLARS;2030.0;1
351200;;;BRONZE;DOLLARS;1927.0;1
351700;;;GOLD;DOLLARS;9998.0;1
351900;;;SILVER;DOLLARS;2031.0;1
351900;;;GOLD;DOLLARS;10002.0;1
351900;;;BRONZE;DOLLARS;1927.0;1
352800;;;SILVER;DOLLARS;2031.0;3
352800;;;BRONZE;DOLLARS;1925.0;3
353100;;;GOLD;DOLLARS;10002.0;1
353200;;;SILVER;DOLLARS;2033.0;1
353200;;;BRONZE;DOLLARS;1926.0;1
353900;;;SILVER;DOLLARS;2031.0;1
353900;;;GOLD;DOLLARS;9996.0;1
353900;;;BRONZE;DOLLARS;1924.0;1
354200;;;SILVER;DOLLARS;2031.0;2
354200;;;BRONZE;DOLLARS;1925.0;2
354600;;;SILVER;DOLLARS;2031.0;1
354600;;;BRONZE;DOLLARS;1923.0;1
355000;;;SILVER;DOLLARS;2033.0;1
355000;;;GOLD;DOLLARS;10002.0;1
355000;;;BRONZE;DOLLARS;1925.0;1
355600;;;SILVER;DOLLARS;2031.0;1
355600;;;BRONZE;DOLLARS;1924.0;1
355700;;;GOLD;DOLLARS;10005.0;4
355800;;;SILVER;DOLLARS;2031.0;1
355800;;;BRONZE;DOLLARS;1924.0;1
356000;;;SILVER;DOLLARS;2033.0;8
356000;;;BRONZE;DOLLARS;1926.0;8
356100;;;SILVER;DOLLARS;2031.0;1
356100;;;SILVER;DOLLARS;2031.0;9
356100;;;BRONZE;DOLLARS;1925.0;1
356100;;;BRONZE;DOLLARS;1925.0;9
356800;;;GOLD;DOLLARS;9998.0;4
356900;;;SILVER;DOLLARS;2030.0;1
356900;;;BRONZE;DOLLARS;1924.0;1
357100;;;SILVER;DOLLARS;2030.0;5
357100;;;SILVER;DOLLARS;2030.0;1
357100;;;BRONZE;DOLLARS;1923.0;1
357100;;;BRONZE;DOLLARS;1924.0;4
357200;;;GOLD;DOLLARS;9998.0;7
357400;;;GOLD;DOLLARS;9998.0;1
357600;;;SILVER;DOLLARS;2029.0;2
357600;;;GOLD;DOLLARS;9995.0;2
357600;;;BRONZE;DOLLARS;1924.0;2
358100;;;SILVER;DOLLARS;2030.0;1
358100;;;BRONZE;DOLLARS;1924.0;1
358500;;;GOLD;DOLLARS;9998.0;1
358600;;;SILVER;DOLLARS;2033.0;8
358600;;;BRONZE;DOLLARS;1928.0;8
358900;;;SILVER;DOLLARS;2031.0;1
358900;;;GOLD;DOLLARS;10002.0;1
358900;;;BRONZE;DOLLARS;1929.0;1
358900;;;BRONZE;DOLLARS;1929.0;3
359100;;;GOLD;DOLLARS;10004.0;1
359300;;;SILVER;DOLLARS;2032.0;1
359300;;;GOLD;DOLLARS;10005.0;1
359300;;;BRONZE;DOLLARS;1929.0;1
359700;;;GOLD;DOLLARS;10002.0;1
359900;;;SILVER;DOLLARS;2030.0;5
359900;;;SILVER;DOLLARS;2030.0;2
359900;;;GOLD;DOLLARS;9996.0;1
359900;;;BRONZE;DOLLARS;1925.0;5
359900;;;BRONZE;DOLLARS;1925.0;2
360000;;;SILVER;DOLLARS;2033.0;1
360000;;;GOLD;DOLLARS;10005.0;1
360000;;;BRONZE;DOLLARS;1928.0;1
360200;;;SILVER;DOLLARS;2032.0;8
360200;;;BRONZE;DOLLARS;1926.0;8
360300;;;SILVER;DOLLARS;2033.0;8
360300;;;GOLD;DOLLARS;10002.0;2
360300;;;BRONZE;DOLLARS;1928.0;8
360600;;;GOLD;DOLLARS;9996.0;2
360600;;;GOLD;DOLLARS;9996.0;3
361100;;;SILVER;DOLLARS;2031.0;2
361100;;;SILVER;DOLLARS;2031.0;2
361100;;;BRONZE;DOLLARS;1923.0;4
361300;;;SILVER;DOLLARS;2031.0;1
361300;;;BRONZE;DOLLARS;1923.0;1
361400;;;SILVER;DOLLARS;2031.0;5
361400;;;BRONZE;DOLLARS;1922.0;5
361800;;;GOLD;DOLLARS;9998.0;1
362000;;;GOLD;DOLLARS;9995.0;11
362100;;;GOLD;DOLLARS;10002.0;1
362800;;;SILVER;DOLLARS;2031.0;1
362800;;;BRONZE;DOLLARS;1928.0;1
362900;;;SILVER;DOLLARS;2033.0;1
362900;;;BRONZE;DOLLARS;1930.0;1
363100;;;GOLD;DOLLARS;9998.0;1
363200;;;SILVER;DOLLARS;2034.0;2
363200;;;GOLD;DOLLARS;10005.0;2
363200;;;BRONZE;DOLLARS;1931.0;2
363300;;;SILVER;DOLLARS;2031.0;1
363300;;;BRONZE;DOLLARS;1926.0;1
363600;;;SILVER;DOLLARS;2030.0;1
363600;;;SILVER;DOLLARS;2031.0;4
363600;;;GOLD;DOLLARS;10002.0;4
363600;;;GOLD;DOLLARS;10002.0;1
363600;;;BRONZE;DOLLARS;1926.0;1
363600;;;BRONZE;DOLLARS;1927.0;4
